1559 2463
79 64 127 110 56
300 64 537 101 SECOND
566 63 754 99 LATJN
774 63 1051 100 READJNG
1078 63 1246 100 BOOK.
1287 61 1408 113 [PART
1429 73 1469 99 11.

78 170 252 207 ficeretur
283 183 406 219 neque
439 170 600 207 dixisset
636 169 728 219 quid
761 169 801 205 in
839 169 965 206 animo
995 169 1164 216 haberet,
1195 169 1327 206 Parios
1360 170 1399 206 vi
1435 174 1474 207 et

77 237 191 275 armis
212 251 409 287 aggressus
429 243 493 275 est.
553 237 628 275 Sed
657 251 742 274 cum
770 237 1006 286 aliquamdiu
1032 238 1166 275 urbem
1186 250 1316 275 eorum
1335 237 1476 275 frustra

77 306 383 356 oppugnavisset,
432 306 519 344 dolo
559 306 615 343 uti
661 306 861 344 constituit
906 305 1105 343 conciliata
1142 305 1222 343 fani
1269 305 1471 343 sacerdote.

78 375 202 421 Quam
220 379 335 412 noctu
356 374 453 411 clam
473 374 576 412 adire
596 379 753 411 conatus
773 387 912 424 pavore
933 374 1058 412 subito
1079 378 1272 423 correptus
1301 374 1347 411 de
1366 387 1474 411 muro

78 443 206 480 desilit
233 443 432 492 femurque
466 443 652 481 vulnerat.
712 443 807 480 Inde
841 456 905 493 spe
936 443 1040 480 urbis
1073 443 1276 491 capiendae
1309 442 1477 480 deiectus

78 512 253 550 Athenas
268 513 334 550 ubi
354 526 393 550 re
413 513 553 550 infecta
572 513 695 557 rediit,
721 512 821 562 quod
842 513 942 549 cives
962 512 1173 561 decepisset
1192 516 1387 548 accusatus
1407 515 1475 548 est.

79 581 250 618 Narrant
286 587 459 619 auctores
505 595 592 618 eum
638 594 722 618 cum
767 581 928 618 multam
966 581 1112 619 solvere
1158 593 1235 618 non
1275 580 1475 630 potuisset,

77 656 253 700 corrupto
274 651 416 688 femore
436 651 474 688 in
495 664 640 688 carcere
662 655 857 688 mortuum
878 664 967 688 esse.

498 816 572 851 The
591 815 715 862 Policy
735 815 779 861 (ff
797 816 1056 851 Themistocles.

134 907 389 945 117.—Inter
425 907 682 944 Athenienses
727 906 767 943 id
814 906 996 955 temporis
1042 906 1244 955 praecipue
1282 904 1475 942 eminebat

78 975 365 1021 Themistocles,
386 980 429 1012 ut
450 980 531 1012 erat
553 975 735 1024 providus
755 979 793 1012 et
822 975 861 1011 in
890 974 1047 1023 ancipiti
1075 987 1115 1010 re
1144 973 1291 1010 consilii
1318 972 1474 1022 plenus:

78 1045 180 1082 idem
200 1045 231 1082 si
251 1044 343 1094 quid
373 1044 452 1081 fieri
472 1044 589 1081 vellet
608 1043 713 1081 nulla
741 1042 964 1080 difficultate
983 1042 1266 1092 impediebatur
1285 1041 1377 1091 quin
1396 1054 1477 1078 rem

78 1126 126 1150 ex
155 1113 347 1150 sententia
379 1112 535 1161 exsequi
568 1117 704 1161 posset.
759 1111 895 1160 Itaque
924 1111 1016 1148 dum
1044 1110 1159 1148 ceteri
1178 1109 1348 1160 gaudent
1376 1108 1477 1158 quod

78 1181 215 1218 Persae
235 1181 274 1217 in
294 1181 424 1230 fugam
444 1194 482 1218 se
503 1184 733 1229 receperant,
747 1193 875 1228 regem
891 1179 1051 1216 alteram
1071 1177 1355 1227 expeditionem
1371 1176 1477 1215 brevi

77 1249 283 1286 missurum
328 1253 443 1294 ratus,
484 1247 524 1284 id
570 1247 642 1284 sibi
688 1246 993 1296 praecavendum
1030 1259 1109 1283 esse
1156 1244 1392 1283 existimavit
1429 1256 1477 1280 ne

78 1317 255 1354 Athenae
288 1317 428 1354 iterum
466 1321 700 1365 caperentur.
758 1314 972 1365 Reputanti
1009 1314 1126 1364 igitur
1162 1318 1307 1363 quanta
1342 1312 1479 1350 fuisset

78 1385 217 1423 Ionum
245 1390 425 1434 potestas,
460 1390 553 1433 quot
581 1384 695 1422 urbes
724 1389 851 1421 essent
879 1383 1093 1420 maritimae
1127 1382 1347 1430 insulaeque
1381 1393 1476 1430 quae

77 1454 194 1491 classe
213 1453 342 1491 valida
360 1453 400 1490 in
421 1453 541 1490 officio
561 1453 749 1490 contineri
768 1457 935 1502 possent,
958 1452 1037 1488 vim
1057 1451 1233 1489 navalem
1261 1462 1478 1499 comparare

77 1523 203 1560 visum
223 1527 291 1559 est.
349 1521 459 1559 Idem
488 1522 667 1570 sperabat
687 1534 877 1558 summam
896 1520 1046 1570 imperii
1065 1519 1174 1557 brevi
1194 1518 1295 1568 apud
1314 1517 1475 1555 Atheni-

77 1604 186 1629 enses
205 1591 287 1628 fore
303 1606 310 1637 3
339 1590 477 1628 melius
505 1590 643 1636 Persis,
674 1590 706 1627 si
735 1602 865 1627 rursus
893 1589 933 1626 in
962 1588 1162 1626 Graeciam
1190 1587 1477 1637 expeditionem

77 1660 323 1709 susciperent,
344 1660 440 1697 mari
461 1672 574 1708 quam
596 1663 698 1696 terra
717 1658 843 1696 resisti
864 1670 983 1707 posse.

426 1826 465 1861 T
459 1826 501 1860 lze
520 1825 611 1860 Rz'se
629 1824 674 1868 of
685 1825 742 1859 llze
762 1824 956 1859 Athenian
976 1824 1118 1859 Power.

130 1915 354 1954 118.—Cui
395 1915 553 1952 consilio
592 1928 676 1951 cum
708 1914 885 1952 nonnulli
919 1927 967 1952 ex
1000 1913 1249 1963 optimatibus
1282 1912 1474 1950 adversar-

75 1991 200 2029 entur,
221 1983 432 2032 Persasque
452 1995 671 2020 reversuros
700 1987 895 2032 negarent,
917 1981 1192 2019 Themistocles
1221 1981 1291 2018 sub
1311 1980 1473 2029 speciem

74 2052 250 2090 mutandi
288 2051 436 2090 consilii
469 2051 616 2089 civibus
650 2052 769 2089 suasit
800 2056 845 2088 ut
881 2051 1038 2089 classem
1075 2056 1256 2088 ornarent
1291 2049 1473 2087 adversus

73 2122 294 2170 Aeginetas,
316 2121 453 2170 quibus
482 2134 567 2158 cum
586 2120 888 2158 Atheniensibus
917 2120 1098 2157 continua
1126 2119 1204 2156 fere
1233 2118 1332 2156 bella
1359 2118 1473 2155 inter-

73 2188 268 2226 cedebant.
317 2189 453 2238 Itaque
474 2194 626 2226 auctore
647 2188 903 2225 Themistocle
916 2187 1101 2224 ducentae
1116 2187 1289 2224 triremes
1305 2191 1467 2235 paratae.

72 2258 110 2295 Is
130 2264 258 2295 autem
277 2270 417 2306 gnarus
439 2256 596 2294 classem
616 2261 695 2293 tam
712 2256 885 2293 celeriter
904 2260 1161 2304 comparatam
1176 2255 1284 2292 brevi
1296 2254 1472 2291 inutilem

69 2327 150 2364 fore
187 2326 261 2363 nisi
289 2326 448 2363 idoneus
485 2331 689 2363 nautarum
716 2338 896 2363 numerus
924 2329 1076 2374 praesto
1105 2329 1213 2370 esset,
1244 2323 1394 2361 munito
1422 2323 1470 2360 ad
