<?xml version="1.0" encoding="UTF-8"?>
<!DOCTYPE html PUBLIC "-//W3C//DTD XHTML 1.0 Transitional//EN"
    "http://www.w3.org/TR/xhtml1/DTD/xhtml1-transitional.dtd">
<html xmlns="http://www.w3.org/1999/xhtml" xml:lang="en" lang="en">
 <head>
  <title>
</title>
<meta http-equiv="Content-Type" content="text/html;charset=utf-8" />
  <meta name='ocr-system' content='tesseract 3.04.00' />
  <meta name='ocr-capabilities' content='ocr_page ocr_carea ocr_par ocr_line ocrx_word'/>
</head>
<body>
  <div class='ocr_page' id='page_1' title='image "./secondlatinreadi00benn_0146.png"; bbox 0 0 1559 2463; ppageno 0'>
   <div class='ocr_carea' id='block_1_1' title="bbox 113 52 1503 104">
    <p class='ocr_par' dir='ltr' id='par_1_1' title="bbox 113 52 1503 104">
     <span class='ocr_line' id='line_1_1' title="bbox 113 52 1503 104; baseline 0.003 -18"><span class='ocrx_word' id='word_1_1' title='bbox 113 52 184 86; x_wconf 87' lang='lat'>128</span> <span class='ocrx_word' id='word_1_2' title='bbox 319 52 554 89; x_wconf 80' lang='lat' dir='ltr'><em>SECOND</em></span> <span class='ocrx_word' id='word_1_3' title='bbox 583 52 654 87; x_wconf 80' lang='lat' dir='ltr'>LA</span> <span class='ocrx_word' id='word_1_4' title='bbox 666 53 771 87; x_wconf 85' lang='lat' dir='ltr'>TIN</span> <span class='ocrx_word' id='word_1_5' title='bbox 790 53 1068 90; x_wconf 84' lang='lat' dir='ltr'>READJNG</span> <span class='ocrx_word' id='word_1_6' title='bbox 1095 53 1266 90; x_wconf 85' lang='lat' dir='ltr'><em>BOOK.</em></span> <span class='ocrx_word' id='word_1_7' title='bbox 1307 52 1427 104; x_wconf 74' lang='lat' dir='ltr'>[PAR&#39;r</span> <span class='ocrx_word' id='word_1_8' title='bbox 1448 65 1503 91; x_wconf 91' lang='lat'>111.</span> 
     </span>
    </p>
   </div>
   <div class='ocr_carea' id='block_1_2' title="bbox 107 157 1506 275">
    <p class='ocr_par' dir='ltr' id='par_1_2' title="bbox 107 157 1506 275">
     <span class='ocr_line' id='line_1_2' title="bbox 107 157 1506 208; baseline 0.002 -14"><span class='ocrx_word' id='word_1_9' title='bbox 107 171 195 207; x_wconf 82' lang='lat' dir='ltr'>rege</span> <span class='ocrx_word' id='word_1_10' title='bbox 214 157 458 207; x_wconf 84' lang='lat' dir='ltr'>superstitem</span> <span class='ocrx_word' id='word_1_11' title='bbox 479 171 559 195; x_wconf 86' lang='lat' dir='ltr'>esse</span> <span class='ocrx_word' id='word_1_12' title='bbox 579 158 704 195; x_wconf 61' lang='lat' dir='ltr'>velle?</span> <span class='ocrx_word' id='word_1_13' title='bbox 759 159 927 196; x_wconf 75' lang='lat' dir='ltr'>Proinde</span> <span class='ocrx_word' id='word_1_14' title='bbox 946 172 1092 196; x_wconf 89' lang='lat' dir='ltr'>memor</span> <span class='ocrx_word' id='word_1_15' title='bbox 1109 172 1265 208; x_wconf 87' lang='lat' dir='ltr'>precum</span> <span class='ocrx_word' id='word_1_16' title='bbox 1285 173 1440 197; x_wconf 88' lang='lat' dir='ltr'>suorum</span> <span class='ocrx_word' id='word_1_17' title='bbox 1459 173 1506 198; x_wconf 89' lang='lat' dir='ltr'>ne</span> 
     </span>
     <span class='ocr_line' id='line_1_3' title="bbox 108 226 996 275; baseline 0.001 -12"><span class='ocrx_word' id='word_1_18' title='bbox 108 239 177 275; x_wconf 90' lang='lat' dir='ltr'>pro</span> <span class='ocrx_word' id='word_1_19' title='bbox 196 226 263 263; x_wconf 89' lang='lat' dir='ltr'>vili</span> <span class='ocrx_word' id='word_1_20' title='bbox 281 226 456 264; x_wconf 80' lang='lat' dir='ltr'>mercede</span> <span class='ocrx_word' id='word_1_21' title='bbox 476 226 611 275; x_wconf 86' lang='lat' dir='ltr'>capitis</span> <span class='ocrx_word' id='word_1_22' title='bbox 630 226 842 275; x_wconf 87' lang='lat' dir='ltr'>periculum</span> <span class='ocrx_word' id='word_1_23' title='bbox 863 227 996 264; x_wconf 84' lang='lat' dir='ltr'>adiret.</span> 
     </span>
    </p>
   </div>
   <div class='ocr_carea' id='block_1_3' title="bbox 610 383 1000 433">
    <p class='ocr_par' dir='ltr' id='par_1_3' title="bbox 610 383 1000 433">
     <span class='ocr_line' id='line_1_4' title="bbox 610 383 1000 433; baseline 0.005 -14"><span class='ocrx_word' id='word_1_24' title='bbox 610 383 855 421; x_wconf 66' lang='lat' dir='ltr'>Alexander&#39;s</span> <span class='ocrx_word' id='word_1_25' title='bbox 873 385 1000 433; x_wconf 73' lang='lat' dir='ltr'>Reply.</span> 
     </span>
    </p>
   </div>
   <div class='ocr_carea' id='block_1_4' title="bbox 102 474 1510 1338">
    <p class='ocr_par' dir='ltr' id='par_1_4' title="bbox 102 474 1510 1338">
     <span class='ocr_line' id='line_1_5' title="bbox 160 474 1510 524; baseline -0.001 -11"><span class='ocrx_word' id='word_1_26' title='bbox 160 474 476 524; x_wconf 83' lang='lat' dir='ltr'>261.——Iamque</span> <span class='ocrx_word' id='word_1_27' title='bbox 496 474 661 511; x_wconf 85' lang='lat' dir='ltr'>confusis</span> <span class='ocrx_word' id='word_1_28' title='bbox 681 474 837 512; x_wconf 86' lang='lat' dir='ltr'>vocibus</span> <span class='ocrx_word' id='word_1_29' title='bbox 856 475 991 512; x_wconf 86' lang='lat' dir='ltr'>flentes</span> <span class='ocrx_word' id='word_1_30' title='bbox 1007 487 1093 512; x_wconf 90' lang='lat' dir='ltr'>eum</span> <span class='ocrx_word' id='word_1_31' title='bbox 1113 475 1273 512; x_wconf 85' lang='lat' dir='ltr'>orabant</span> <span class='ocrx_word' id='word_1_32' title='bbox 1292 479 1335 512; x_wconf 89' lang='lat' dir='ltr'>ut</span> <span class='ocrx_word' id='word_1_33' title='bbox 1355 475 1510 512; x_wconf 83' lang='lat' dir='ltr'>tandem</span> 
     </span>
     <span class='ocr_line' id='line_1_6' title="bbox 107 542 1508 592; baseline 0.001 -14"><span class='ocrx_word' id='word_1_34' title='bbox 107 542 317 579; x_wconf 83' lang='lat' dir='ltr'>exsatiatae</span> <span class='ocrx_word' id='word_1_35' title='bbox 363 542 467 580; x_wconf 89' lang='lat' dir='ltr'>laudi</span> <span class='ocrx_word' id='word_1_36' title='bbox 505 542 663 579; x_wconf 88' lang='lat' dir='ltr'>modum</span> <span class='ocrx_word' id='word_1_37' title='bbox 708 542 850 579; x_wconf 78' lang='lat' dir='ltr'>faceret</span> <span class='ocrx_word' id='word_1_38' title='bbox 896 556 937 579; x_wconf 84' lang='lat' dir='ltr'>ac</span> <span class='ocrx_word' id='word_1_39' title='bbox 984 542 1099 579; x_wconf 88' lang='lat' dir='ltr'>saluti</span> <span class='ocrx_word' id='word_1_40' title='bbox 1136 555 1225 580; x_wconf 84' lang='lat' dir='ltr'>suae</span> <span class='ocrx_word' id='word_1_41' title='bbox 1262 543 1508 592; x_wconf 88' lang='lat' dir='ltr'>omniumque</span> 
     </span>
     <span class='ocr_line' id='line_1_7' title="bbox 106 610 1509 661; baseline 0 -13"><span class='ocrx_word' id='word_1_42' title='bbox 106 615 287 660; x_wconf 88' lang='lat' dir='ltr'>parceret.</span> <span class='ocrx_word' id='word_1_43' title='bbox 346 611 466 648; x_wconf 84' lang='lat' dir='ltr'>Grata</span> <span class='ocrx_word' id='word_1_44' title='bbox 485 616 568 648; x_wconf 87' lang='lat' dir='ltr'>erat</span> <span class='ocrx_word' id='word_1_45' title='bbox 586 611 666 661; x_wconf 82' lang='lat' dir='ltr'>regi</span> <span class='ocrx_word' id='word_1_46' title='bbox 694 610 817 660; x_wconf 86' lang='lat' dir='ltr'>pictas</span> <span class='ocrx_word' id='word_1_47' title='bbox 837 610 1069 648; x_wconf 81' lang='lat' dir='ltr'>amicorum:</span> <span class='ocrx_word' id='word_1_48' title='bbox 1098 611 1227 659; x_wconf 81' lang='lat' dir='ltr'>itaque</span> <span class='ocrx_word' id='word_1_49' title='bbox 1247 611 1313 648; x_wconf 89' lang='lat' dir='ltr'>ubi</span> <span class='ocrx_word' id='word_1_50' title='bbox 1341 611 1509 661; x_wconf 85' lang='lat' dir='ltr'>singulos</span> 
     </span>
     <span class='ocr_line' id='line_1_8' title="bbox 106 679 1507 729; baseline 0 -12"><span class='ocrx_word' id='word_1_51' title='bbox 106 680 306 729; x_wconf 81' lang='lat' dir='ltr'>amplexus</span> <span class='ocrx_word' id='word_1_52' title='bbox 325 679 521 718; x_wconf 87' lang='lat' dir='ltr'>considere</span> <span class='ocrx_word' id='word_1_53' title='bbox 542 679 663 726; x_wconf 86' lang='lat' dir='ltr'>iussit,</span> <span class='ocrx_word' id='word_1_54' title='bbox 685 684 795 729; x_wconf 78' lang='lat' dir='ltr'>grato</span> <span class='ocrx_word' id='word_1_55' title='bbox 815 692 854 717; x_wconf 90' lang='lat' dir='ltr'>se</span> <span class='ocrx_word' id='word_1_56' title='bbox 873 679 913 716; x_wconf 91' lang='lat' dir='ltr'>in</span> <span class='ocrx_word' id='word_1_57' title='bbox 942 679 1027 716; x_wconf 88' lang='lat' dir='ltr'>illos</span> <span class='ocrx_word' id='word_1_58' title='bbox 1046 679 1174 716; x_wconf 88' lang='lat' dir='ltr'>animo</span> <span class='ocrx_word' id='word_1_59' title='bbox 1194 692 1275 717; x_wconf 83' lang='lat' dir='ltr'>esse</span> <span class='ocrx_word' id='word_1_60' title='bbox 1294 680 1507 729; x_wconf 81' lang='lat' dir='ltr'>profitetur,</span> 
     </span>
     <span class='ocr_line' id='line_1_9' title="bbox 105 748 1510 799; baseline 0 -13"><span class='ocrx_word' id='word_1_61' title='bbox 105 761 227 799; x_wconf 85' lang='lat' dir='ltr'>neque</span> <span class='ocrx_word' id='word_1_62' title='bbox 247 762 376 798; x_wconf 82' lang='lat' dir='ltr'>preces</span> <span class='ocrx_word' id='word_1_63' title='bbox 389 754 615 798; x_wconf 81' lang='lat' dir='ltr'>spreturum.</span> <span class='ocrx_word' id='word_1_64' title='bbox 674 748 793 786; x_wconf 89' lang='lat' dir='ltr'>Modo</span> <span class='ocrx_word' id='word_1_65' title='bbox 814 761 852 786; x_wconf 90' lang='lat' dir='ltr'>se</span> <span class='ocrx_word' id='word_1_66' title='bbox 873 748 920 785; x_wconf 85' lang='lat' dir='ltr'>ab</span> <span class='ocrx_word' id='word_1_67' title='bbox 935 748 1119 786; x_wconf 87' lang='lat' dir='ltr'>intestina</span> <span class='ocrx_word' id='word_1_68' title='bbox 1133 748 1268 786; x_wconf 79' lang='lat' dir='ltr'>fraude</span> <span class='ocrx_word' id='word_1_69' title='bbox 1286 748 1510 798; x_wconf 78' lang='lat' dir='ltr'>insidiisque</span> 
     </span>
     <span class='ocr_line' id='line_1_10' title="bbox 105 817 1508 866; baseline 0 -11"><span class='ocrx_word' id='word_1_70' title='bbox 105 822 344 866; x_wconf 72' lang='lat' dir='ltr'>praestarent</span> <span class='ocrx_word' id='word_1_71' title='bbox 389 831 564 855; x_wconf 87' lang='lat' dir='ltr'>securum</span> <span class='ocrx_word' id='word_1_72' title='bbox 580 832 589 864; x_wconf 80' lang='lat'><em>3</em></span> <span class='ocrx_word' id='word_1_73' title='bbox 636 817 726 854; x_wconf 87' lang='lat' dir='ltr'>belli</span> <span class='ocrx_word' id='word_1_74' title='bbox 763 817 977 866; x_wconf 85' lang='lat' dir='ltr'>Martisque</span> <span class='ocrx_word' id='word_1_75' title='bbox 1023 817 1225 854; x_wconf 83' lang='lat' dir='ltr'>discrimen</span> <span class='ocrx_word' id='word_1_76' title='bbox 1272 817 1508 866; x_wconf 90' lang='lat' dir='ltr'>impavidum</span> 
     </span>
     <span class='ocr_line' id='line_1_11' title="bbox 105 885 1509 935; baseline -0.001 -11"><span class='ocrx_word' id='word_1_77' title='bbox 105 887 332 924; x_wconf 87' lang='lat' dir='ltr'>subiturum.</span> <span class='ocrx_word' id='word_1_78' title='bbox 391 886 616 935; x_wconf 89' lang='lat' dir='ltr'>Philippum</span> <span class='ocrx_word' id='word_1_79' title='bbox 635 886 674 922; x_wconf 91' lang='lat' dir='ltr'>in</span> <span class='ocrx_word' id='word_1_80' title='bbox 703 885 781 923; x_wconf 86' lang='lat' dir='ltr'>acie</span> <span class='ocrx_word' id='word_1_81' title='bbox 800 885 983 922; x_wconf 90' lang='lat' dir='ltr'>tutiorem</span> <span class='ocrx_word' id='word_1_82' title='bbox 1003 898 1119 934; x_wconf 85' lang='lat' dir='ltr'>quam</span> <span class='ocrx_word' id='word_1_83' title='bbox 1138 886 1177 922; x_wconf 87' lang='lat' dir='ltr'>in</span> <span class='ocrx_word' id='word_1_84' title='bbox 1197 885 1349 923; x_wconf 87' lang='lat' dir='ltr'>theatro</span> <span class='ocrx_word' id='word_1_85' title='bbox 1369 886 1484 923; x_wconf 85' lang='lat' dir='ltr'>fuisse</span> <span class='ocrx_word' id='word_1_86' title='bbox 1503 901 1509 923; x_wconf 90' lang='lat'>:</span> 
     </span>
     <span class='ocr_line' id='line_1_12' title="bbox 103 954 1502 1005; baseline -0.001 -12"><span class='ocrx_word' id='word_1_87' title='bbox 103 955 288 1005; x_wconf 51' lang='lat' dir='ltr'>hostiumffg</span> <span class='ocrx_word' id='word_1_88' title='bbox 305 969 440 993; x_wconf 83' lang='lat' dir='ltr'>manus</span> <span class='ocrx_word' id='word_1_89' title='bbox 473 968 583 1004; x_wconf 87' lang='lat' dir='ltr'>saepe</span> <span class='ocrx_word' id='word_1_90' title='bbox 620 955 772 1001; x_wconf 87' lang='lat' dir='ltr'>vitasse,</span> <span class='ocrx_word' id='word_1_91' title='bbox 812 967 967 992; x_wconf 85' lang='lat' dir='ltr'>suorum</span> <span class='ocrx_word' id='word_1_92' title='bbox 1005 955 1169 1003; x_wconf 80' lang='lat' dir='ltr'>effugere</span> <span class='ocrx_word' id='word_1_93' title='bbox 1206 968 1283 992; x_wconf 89' lang='lat' dir='ltr'>non</span> <span class='ocrx_word' id='word_1_94' title='bbox 1329 954 1502 992; x_wconf 87' lang='lat' dir='ltr'>valuisse.</span> 
     </span>
     <span class='ocr_line' id='line_1_13' title="bbox 104 1023 1507 1073; baseline -0.001 -12"><span class='ocrx_word' id='word_1_95' title='bbox 104 1024 282 1061; x_wconf 88' lang='lat' dir='ltr'>Aliorum</span> <span class='ocrx_word' id='word_1_96' title='bbox 318 1036 470 1073; x_wconf 85' lang='lat' dir='ltr'>quoque</span> <span class='ocrx_word' id='word_1_97' title='bbox 507 1037 640 1073; x_wconf 79' lang='lat' dir='ltr'>regum</span> <span class='ocrx_word' id='word_1_98' title='bbox 674 1023 802 1061; x_wconf 87' lang='lat' dir='ltr'>exitus</span> <span class='ocrx_word' id='word_1_99' title='bbox 835 1023 867 1060; x_wconf 80' lang='lat' dir='ltr'>si</span> <span class='ocrx_word' id='word_1_100' title='bbox 903 1023 1179 1072; x_wconf 88' lang='lat' dir='ltr'>reputaverint,</span> <span class='ocrx_word' id='word_1_101' title='bbox 1214 1023 1342 1072; x_wconf 91' lang='lat' dir='ltr'>plures</span> <span class='ocrx_word' id='word_1_102' title='bbox 1372 1036 1394 1060; x_wconf 87' lang='lat' dir='ltr'>a</span> <span class='ocrx_word' id='word_1_103' title='bbox 1430 1023 1507 1060; x_wconf 87' lang='lat' dir='ltr'>suis</span> 
     </span>
     <span class='ocr_line' id='line_1_14' title="bbox 103 1091 1506 1142; baseline -0.001 -12"><span class='ocrx_word' id='word_1_104' title='bbox 103 1094 356 1142; x_wconf 87' lang='lat' dir='ltr'>interemptos</span> <span class='ocrx_word' id='word_1_105' title='bbox 395 1106 510 1142; x_wconf 84' lang='lat' dir='ltr'>quam</span> <span class='ocrx_word' id='word_1_106' title='bbox 548 1093 595 1130; x_wconf 87' lang='lat' dir='ltr'>ab</span> <span class='ocrx_word' id='word_1_107' title='bbox 628 1093 738 1130; x_wconf 87' lang='lat' dir='ltr'>hoste</span> <span class='ocrx_word' id='word_1_108' title='bbox 776 1092 1012 1130; x_wconf 88' lang='lat' dir='ltr'>inventuros.</span> <span class='ocrx_word' id='word_1_109' title='bbox 1088 1092 1235 1138; x_wconf 80' lang='lat' dir='ltr'>Quibus</span> <span class='ocrx_word' id='word_1_110' title='bbox 1271 1091 1384 1130; x_wconf 85' lang='lat' dir='ltr'>dictis</span> <span class='ocrx_word' id='word_1_111' title='bbox 1421 1105 1506 1129; x_wconf 88' lang='lat' dir='ltr'>cum</span> 
     </span>
     <span class='ocr_line' id='line_1_15' title="bbox 104 1160 1506 1211; baseline -0.001 -11"><span class='ocrx_word' id='word_1_112' title='bbox 104 1163 244 1200; x_wconf 87' lang='lat' dir='ltr'>amicos</span> <span class='ocrx_word' id='word_1_113' title='bbox 264 1162 481 1209; x_wconf 83' lang='lat' dir='ltr'>dimisisset,</span> <span class='ocrx_word' id='word_1_114' title='bbox 499 1175 567 1211; x_wconf 89' lang='lat' dir='ltr'>per</span> <span class='ocrx_word' id='word_1_115' title='bbox 586 1161 799 1211; x_wconf 84' lang='lat' dir='ltr'>complures</span> <span class='ocrx_word' id='word_1_116' title='bbox 827 1161 908 1198; x_wconf 89' lang='lat' dir='ltr'>dies</span> <span class='ocrx_word' id='word_1_117' title='bbox 928 1160 1073 1199; x_wconf 88' lang='lat' dir='ltr'>ibidem</span> <span class='ocrx_word' id='word_1_118' title='bbox 1092 1160 1234 1198; x_wconf 85' lang='lat' dir='ltr'>stativa</span> <span class='ocrx_word' id='word_1_119' title='bbox 1252 1160 1399 1207; x_wconf 89' lang='lat' dir='ltr'>habuit,</span> <span class='ocrx_word' id='word_1_120' title='bbox 1421 1174 1506 1199; x_wconf 89' lang='lat' dir='ltr'>cum</span> 
     </span>
     <span class='ocr_line' id='line_1_16' title="bbox 103 1230 1506 1280; baseline -0.001 -11"><span class='ocrx_word' id='word_1_121' title='bbox 103 1233 151 1270; x_wconf 89' lang='lat' dir='ltr'>ob</span> <span class='ocrx_word' id='word_1_122' title='bbox 171 1232 360 1269; x_wconf 88' lang='lat' dir='ltr'>infirmam</span> <span class='ocrx_word' id='word_1_123' title='bbox 380 1231 643 1269; x_wconf 86' lang='lat' dir='ltr'>valetudinem</span> <span class='ocrx_word' id='word_1_124' title='bbox 671 1244 788 1277; x_wconf 83' lang='lat' dir='ltr'>suam,</span> <span class='ocrx_word' id='word_1_125' title='bbox 810 1235 893 1268; x_wconf 91' lang='lat' dir='ltr'>tum</span> <span class='ocrx_word' id='word_1_126' title='bbox 914 1230 1016 1279; x_wconf 82' lang='lat' dir='ltr'>quod</span> <span class='ocrx_word' id='word_1_127' title='bbox 1036 1230 1135 1267; x_wconf 83' lang='lat' dir='ltr'>fesso</span> <span class='ocrx_word' id='word_1_128' title='bbox 1154 1230 1268 1267; x_wconf 87' lang='lat' dir='ltr'>militi</span> <span class='ocrx_word' id='word_1_129' title='bbox 1288 1234 1439 1280; x_wconf 83' lang='lat' dir='ltr'>tempus</span> <span class='ocrx_word' id='word_1_130' title='bbox 1459 1231 1506 1268; x_wconf 85' lang='lat' dir='ltr'>ad</span> 
     </span>
     <span class='ocr_line' id='line_1_17' title="bbox 102 1298 1105 1338; baseline -0.002 0"><span class='ocrx_word' id='word_1_131' title='bbox 102 1300 328 1338; x_wconf 85' lang='lat' dir='ltr'>recreandos</span> <span class='ocrx_word' id='word_1_132' title='bbox 347 1300 494 1338; x_wconf 86' lang='lat' dir='ltr'>animos</span> <span class='ocrx_word' id='word_1_133' title='bbox 514 1299 669 1338; x_wconf 88' lang='lat' dir='ltr'>concedi</span> <span class='ocrx_word' id='word_1_134' title='bbox 689 1299 828 1337; x_wconf 86' lang='lat' dir='ltr'>debere</span> <span class='ocrx_word' id='word_1_135' title='bbox 848 1298 1105 1337; x_wconf 76' lang='lat' dir='ltr'>existimabat,</span> 
     </span>
    </p>
   </div>
   <div class='ocr_carea' id='block_1_5' title="bbox 511 1458 1102 1494">
    <p class='ocr_par' dir='ltr' id='par_1_5' title="bbox 511 1458 1102 1494">
     <span class='ocr_line' id='line_1_18' title="bbox 511 1458 1102 1494; baseline 0 -1"><span class='ocrx_word' id='word_1_136' title='bbox 511 1459 547 1494; x_wconf 87' lang='lat' dir='ltr'><em>A</em></span> <span class='ocrx_word' id='word_1_137' title='bbox 570 1458 675 1493; x_wconf 76' lang='lat' dir='ltr'>chel</span> <span class='ocrx_word' id='word_1_138' title='bbox 689 1458 841 1494; x_wconf 78' lang='lat' dir='ltr'>between</span> <span class='ocrx_word' id='word_1_139' title='bbox 860 1461 934 1493; x_wconf 82' lang='lat' dir='ltr'>two</span> <span class='ocrx_word' id='word_1_140' title='bbox 958 1458 1102 1494; x_wconf 70' lang='lat' dir='ltr'>Greeks.</span> 
     </span>
    </p>
   </div>
   <div class='ocr_carea' id='block_1_6' title="bbox 96 1555 1504 2364">
    <p class='ocr_par' dir='ltr' id='par_1_6' title="bbox 96 1555 1504 2364">
     <span class='ocr_line' id='line_1_19' title="bbox 155 1555 1504 1605; baseline -0.003 -8"><span class='ocrx_word' id='word_1_141' title='bbox 155 1558 413 1598; x_wconf 69' lang='lat' dir='ltr'>262.—Erat</span> <span class='ocrx_word' id='word_1_142' title='bbox 439 1558 479 1594; x_wconf 90' lang='lat' dir='ltr'>in</span> <span class='ocrx_word' id='word_1_143' title='bbox 508 1557 677 1594; x_wconf 84' lang='lat' dir='ltr'>exercitu</span> <span class='ocrx_word' id='word_1_144' title='bbox 706 1555 923 1604; x_wconf 81' lang='lat' dir='ltr'>Dioxippus</span> <span class='ocrx_word' id='word_1_145' title='bbox 952 1555 1210 1602; x_wconf 75' lang='lat' dir='ltr'>Atheniensis,</span> <span class='ocrx_word' id='word_1_146' title='bbox 1232 1556 1337 1605; x_wconf 84' lang='lat' dir='ltr'>pugil</span> <span class='ocrx_word' id='word_1_147' title='bbox 1366 1557 1504 1594; x_wconf 82' lang='lat' dir='ltr'>nobilis</span> 
     </span>
     <span class='ocr_line' id='line_1_20' title="bbox 101 1623 1504 1674; baseline -0.003 -9"><span class='ocrx_word' id='word_1_148' title='bbox 101 1632 140 1665; x_wconf 91' lang='lat' dir='ltr'>et</span> <span class='ocrx_word' id='word_1_149' title='bbox 160 1627 208 1665; x_wconf 90' lang='lat' dir='ltr'>ob</span> <span class='ocrx_word' id='word_1_150' title='bbox 228 1626 408 1664; x_wconf 79' lang='lat' dir='ltr'>eximiam</span> <span class='ocrx_word' id='word_1_151' title='bbox 427 1626 612 1663; x_wconf 87' lang='lat' dir='ltr'>virtutem</span> <span class='ocrx_word' id='word_1_152' title='bbox 641 1625 721 1674; x_wconf 82' lang='lat' dir='ltr'>regi</span> <span class='ocrx_word' id='word_1_153' title='bbox 739 1628 881 1673; x_wconf 76' lang='lat' dir='ltr'>gratus.</span> <span class='ocrx_word' id='word_1_154' title='bbox 938 1623 1068 1660; x_wconf 88' lang='lat' dir='ltr'>Invidi</span> <span class='ocrx_word' id='word_1_155' title='bbox 1087 1624 1319 1673; x_wconf 80' lang='lat' dir='ltr'>malignique</span> <span class='ocrx_word' id='word_1_156' title='bbox 1339 1624 1504 1673; x_wconf 86' lang='lat' dir='ltr'>increpa-</span> 
     </span>
     <span class='ocr_line' id='line_1_21' title="bbox 100 1691 1502 1745; baseline -0.002 -12"><span class='ocrx_word' id='word_1_157' title='bbox 100 1697 195 1733; x_wconf 87' lang='lat' dir='ltr'>bant</span> <span class='ocrx_word' id='word_1_158' title='bbox 214 1695 378 1745; x_wconf 83' lang='lat' dir='ltr'>saginati</span> <span class='ocrx_word' id='word_1_159' title='bbox 397 1694 564 1743; x_wconf 81' lang='lat' dir='ltr'>corporis</span> <span class='ocrx_word' id='word_1_160' title='bbox 583 1694 690 1743; x_wconf 84' lang='lat' dir='ltr'>sequi</span> <span class='ocrx_word' id='word_1_161' title='bbox 718 1691 897 1729; x_wconf 86' lang='lat' dir='ltr'>inutilem</span> <span class='ocrx_word' id='word_1_162' title='bbox 916 1693 1069 1730; x_wconf 88' lang='lat' dir='ltr'>beluam</span> <span class='ocrx_word' id='word_1_163' title='bbox 1085 1708 1091 1730; x_wconf 80' lang='lat' dir='ltr'>z</span> <span class='ocrx_word' id='word_1_164' title='bbox 1120 1705 1205 1730; x_wconf 89' lang='lat' dir='ltr'>cum</span> <span class='ocrx_word' id='word_1_165' title='bbox 1224 1692 1297 1742; x_wconf 87' lang='lat' dir='ltr'>ipsi</span> <span class='ocrx_word' id='word_1_166' title='bbox 1316 1693 1502 1742; x_wconf 89' lang='lat' dir='ltr'>proelium</span> 
     </span>
     <span class='ocr_line' id='line_1_22' title="bbox 100 1764 1500 1815; baseline -0.003 -10"><span class='ocrx_word' id='word_1_167' title='bbox 100 1768 254 1813; x_wconf 79' lang='lat' dir='ltr'>inirent,</span> <span class='ocrx_word' id='word_1_168' title='bbox 274 1767 383 1804; x_wconf 90' lang='lat' dir='ltr'>illum</span> <span class='ocrx_word' id='word_1_169' title='bbox 403 1766 555 1803; x_wconf 85' lang='lat' dir='ltr'>nonnisi</span> <span class='ocrx_word' id='word_1_170' title='bbox 583 1766 705 1815; x_wconf 87' lang='lat' dir='ltr'>epulis</span> <span class='ocrx_word' id='word_1_171' title='bbox 725 1766 887 1804; x_wconf 81' lang='lat' dir='ltr'>studere.</span> <span class='ocrx_word' id='word_1_172' title='bbox 947 1764 1092 1802; x_wconf 88' lang='lat' dir='ltr'>Eadem</span> <span class='ocrx_word' id='word_1_173' title='bbox 1121 1764 1240 1814; x_wconf 82' lang='lat' dir='ltr'>igitur</span> <span class='ocrx_word' id='word_1_174' title='bbox 1258 1765 1298 1801; x_wconf 91' lang='lat' dir='ltr'>in</span> <span class='ocrx_word' id='word_1_175' title='bbox 1327 1765 1500 1802; x_wconf 87' lang='lat' dir='ltr'>convivio</span> 
     </span>
     <span class='ocr_line' id='line_1_23' title="bbox 101 1833 1501 1883; baseline -0.003 -9"><span class='ocrx_word' id='word_1_176' title='bbox 101 1837 287 1874; x_wconf 87' lang='lat' dir='ltr'>Horratas</span> <span class='ocrx_word' id='word_1_177' title='bbox 332 1835 493 1873; x_wconf 85' lang='lat' dir='ltr'>Macedo</span> <span class='ocrx_word' id='word_1_178' title='bbox 536 1834 612 1872; x_wconf 83' lang='lat' dir='ltr'>iam</span> <span class='ocrx_word' id='word_1_179' title='bbox 657 1836 892 1873; x_wconf 84' lang='lat' dir='ltr'>temulentus</span> <span class='ocrx_word' id='word_1_180' title='bbox 938 1834 1167 1883; x_wconf 84' lang='lat' dir='ltr'>exprobrare</span> <span class='ocrx_word' id='word_1_181' title='bbox 1214 1834 1248 1871; x_wconf 92' lang='lat' dir='ltr'>ei</span> <span class='ocrx_word' id='word_1_182' title='bbox 1293 1833 1419 1882; x_wconf 88' lang='lat' dir='ltr'>coepit</span> <span class='ocrx_word' id='word_1_183' title='bbox 1463 1837 1501 1870; x_wconf 89' lang='lat' dir='ltr'>et</span> 
     </span>
     <span class='ocr_line' id='line_1_24' title="bbox 99 1900 1500 1954; baseline -0.003 -12"><span class='ocrx_word' id='word_1_184' title='bbox 99 1904 302 1954; x_wconf 85' lang='lat' dir='ltr'>postulare,</span> <span class='ocrx_word' id='word_1_185' title='bbox 333 1908 386 1950; x_wconf 87' lang='lat' dir='ltr'>ut,</span> <span class='ocrx_word' id='word_1_186' title='bbox 418 1903 449 1940; x_wconf 81' lang='lat' dir='ltr'>si</span> <span class='ocrx_word' id='word_1_187' title='bbox 477 1903 536 1940; x_wconf 84' lang='lat' dir='ltr'>vir</span> <span class='ocrx_word' id='word_1_188' title='bbox 563 1907 674 1949; x_wconf 84' lang='lat' dir='ltr'>esset,</span> <span class='ocrx_word' id='word_1_189' title='bbox 702 1908 855 1952; x_wconf 86' lang='lat' dir='ltr'>postero</span> <span class='ocrx_word' id='word_1_190' title='bbox 883 1902 945 1939; x_wconf 91' lang='lat' dir='ltr'>die</span> <span class='ocrx_word' id='word_1_191' title='bbox 973 1914 1100 1938; x_wconf 87' lang='lat' dir='ltr'>secum</span> <span class='ocrx_word' id='word_1_192' title='bbox 1127 1901 1226 1938; x_wconf 82' lang='lat' dir='ltr'>ferro</span> <span class='ocrx_word' id='word_1_193' title='bbox 1255 1900 1500 1938; x_wconf 70' lang='lat' dir='ltr'>decerneret:</span> 
     </span>
     <span class='ocr_line' id='line_1_25' title="bbox 98 1969 1501 2023; baseline -0.004 -12"><span class='ocrx_word' id='word_1_194' title='bbox 98 1986 227 2023; x_wconf 82' lang='lat' dir='ltr'>regem</span> <span class='ocrx_word' id='word_1_195' title='bbox 255 1972 413 2010; x_wconf 89' lang='lat' dir='ltr'>tandem</span> <span class='ocrx_word' id='word_1_196' title='bbox 431 1971 492 2009; x_wconf 90' lang='lat' dir='ltr'>vel</span> <span class='ocrx_word' id='word_1_197' title='bbox 512 1971 559 2008; x_wconf 91' lang='lat' dir='ltr'>de</span> <span class='ocrx_word' id='word_1_198' title='bbox 588 1984 656 2008; x_wconf 85' lang='lat' dir='ltr'>sua</span> <span class='ocrx_word' id='word_1_199' title='bbox 682 1971 901 2009; x_wconf 86' lang='lat' dir='ltr'>temeritate</span> <span class='ocrx_word' id='word_1_200' title='bbox 929 1970 990 2007; x_wconf 91' lang='lat' dir='ltr'>vel</span> <span class='ocrx_word' id='word_1_201' title='bbox 1018 1970 1066 2007; x_wconf 92' lang='lat' dir='ltr'>de</span> <span class='ocrx_word' id='word_1_202' title='bbox 1094 1969 1197 2007; x_wconf 82' lang='lat' dir='ltr'>illius</span> <span class='ocrx_word' id='word_1_203' title='bbox 1225 1969 1378 2019; x_wconf 85' lang='lat' dir='ltr'>ignavia</span> <span class='ocrx_word' id='word_1_204' title='bbox 1405 1969 1501 2006; x_wconf 89' lang='lat' dir='ltr'>iudi-</span> 
     </span>
     <span class='ocr_line' id='line_1_26' title="bbox 98 2037 1499 2089; baseline -0.004 -10"><span class='ocrx_word' id='word_1_205' title='bbox 98 2046 283 2079; x_wconf 83' lang='lat' dir='ltr'>caturum.</span> <span class='ocrx_word' id='word_1_206' title='bbox 366 2040 416 2077; x_wconf 89' lang='lat' dir='ltr'>Et</span> <span class='ocrx_word' id='word_1_207' title='bbox 461 2053 483 2077; x_wconf 86' lang='lat' dir='ltr'>a</span> <span class='ocrx_word' id='word_1_208' title='bbox 528 2039 723 2089; x_wconf 85' lang='lat' dir='ltr'>Dioxippo</span> <span class='ocrx_word' id='word_1_209' title='bbox 770 2039 1022 2088; x_wconf 89' lang='lat' dir='ltr'>contemptim</span> <span class='ocrx_word' id='word_1_210' title='bbox 1067 2038 1274 2076; x_wconf 86' lang='lat' dir='ltr'>militarem</span> <span class='ocrx_word' id='word_1_211' title='bbox 1320 2037 1499 2075; x_wconf 89' lang='lat' dir='ltr'>eludente</span> 
     </span>
     <span class='ocr_line' id='line_1_27' title="bbox 97 2106 1496 2157; baseline -0.003 -10"><span class='ocrx_word' id='word_1_212' title='bbox 97 2110 278 2147; x_wconf 88' lang='lat' dir='ltr'>ferociam</span> <span class='ocrx_word' id='word_1_213' title='bbox 297 2114 452 2157; x_wconf 88' lang='lat' dir='ltr'>accepta</span> <span class='ocrx_word' id='word_1_214' title='bbox 480 2108 651 2146; x_wconf 84' lang='lat' dir='ltr'>condicio</span> <span class='ocrx_word' id='word_1_215' title='bbox 680 2114 747 2146; x_wconf 84' lang='lat' dir='ltr'>est.</span> <span class='ocrx_word' id='word_1_216' title='bbox 806 2109 967 2146; x_wconf 88' lang='lat' dir='ltr'>Postero</span> <span class='ocrx_word' id='word_1_217' title='bbox 987 2107 1049 2144; x_wconf 89' lang='lat' dir='ltr'>die</span> <span class='ocrx_word' id='word_1_218' title='bbox 1068 2107 1203 2156; x_wconf 83' lang='lat' dir='ltr'>ingens</span> <span class='ocrx_word' id='word_1_219' title='bbox 1222 2106 1390 2143; x_wconf 90' lang='lat' dir='ltr'>militum</span> <span class='ocrx_word' id='word_1_220' title='bbox 1410 2119 1496 2144; x_wconf 87' lang='lat' dir='ltr'>con-</span> 
     </span>
     <span class='ocr_line' id='line_1_28' title="bbox 97 2174 1497 2225; baseline -0.002 -10"><span class='ocrx_word' id='word_1_221' title='bbox 97 2179 206 2216; x_wconf 90' lang='lat' dir='ltr'>venit</span> <span class='ocrx_word' id='word_1_222' title='bbox 232 2177 464 2215; x_wconf 83' lang='lat' dir='ltr'>multitudo:</span> <span class='ocrx_word' id='word_1_223' title='bbox 493 2177 594 2214; x_wconf 88' lang='lat' dir='ltr'>inter</span> <span class='ocrx_word' id='word_1_224' title='bbox 621 2189 716 2225; x_wconf 85' lang='lat' dir='ltr'>quos</span> <span class='ocrx_word' id='word_1_225' title='bbox 745 2176 809 2225; x_wconf 85' lang='lat' dir='ltr'>qui</span> <span class='ocrx_word' id='word_1_226' title='bbox 838 2181 947 2213; x_wconf 85' lang='lat' dir='ltr'>erant</span> <span class='ocrx_word' id='word_1_227' title='bbox 980 2175 1115 2213; x_wconf 84' lang='lat' dir='ltr'>Graeci</span> <span class='ocrx_word' id='word_1_228' title='bbox 1145 2175 1341 2224; x_wconf 87' lang='lat' dir='ltr'>Dioxippo</span> <span class='ocrx_word' id='word_1_229' title='bbox 1373 2174 1497 2212; x_wconf 84' lang='lat' dir='ltr'>stude-</span> 
     </span>
     <span class='ocr_line' id='line_1_29' title="bbox 98 2243 1498 2293; baseline -0.004 -9"><span class='ocrx_word' id='word_1_230' title='bbox 98 2248 201 2285; x_wconf 87' lang='lat' dir='ltr'>bant.</span> <span class='ocrx_word' id='word_1_231' title='bbox 259 2245 422 2283; x_wconf 87' lang='lat' dir='ltr'>Macedo</span> <span class='ocrx_word' id='word_1_232' title='bbox 452 2245 555 2282; x_wconf 80' lang='lat' dir='ltr'>iusta</span> <span class='ocrx_word' id='word_1_233' title='bbox 587 2257 692 2282; x_wconf 86' lang='lat' dir='ltr'>arma</span> <span class='ocrx_word' id='word_1_234' title='bbox 724 2244 899 2293; x_wconf 88' lang='lat' dir='ltr'>sumpsit,</span> <span class='ocrx_word' id='word_1_235' title='bbox 935 2243 1097 2293; x_wconf 87' lang='lat' dir='ltr'>clipeum</span> <span class='ocrx_word' id='word_1_236' title='bbox 1126 2243 1353 2292; x_wconf 81' lang='lat' dir='ltr'>hastamque</span> <span class='ocrx_word' id='word_1_237' title='bbox 1391 2243 1498 2280; x_wconf 87' lang='lat' dir='ltr'>laeva</span> 
     </span>
     <span class='ocr_line' id='line_1_30' title="bbox 96 2311 1496 2364; baseline -0.004 -10"><span class='ocrx_word' id='word_1_238' title='bbox 96 2321 242 2362; x_wconf 85' lang='lat' dir='ltr'>tenens,</span> <span class='ocrx_word' id='word_1_239' title='bbox 281 2315 419 2353; x_wconf 88' lang='lat' dir='ltr'>dextra</span> <span class='ocrx_word' id='word_1_240' title='bbox 462 2315 644 2360; x_wconf 88' lang='lat' dir='ltr'>lanceam,</span> <span class='ocrx_word' id='word_1_241' title='bbox 682 2313 885 2364; x_wconf 82' lang='lat' dir='ltr'>gladioque</span> <span class='ocrx_word' id='word_1_242' title='bbox 931 2313 1085 2351; x_wconf 82' lang='lat' dir='ltr'>cinctus.</span> <span class='ocrx_word' id='word_1_243' title='bbox 1161 2312 1378 2362; x_wconf 85' lang='lat' dir='ltr'>Dioxippus</span> <span class='ocrx_word' id='word_1_244' title='bbox 1415 2311 1496 2349; x_wconf 87' lang='lat' dir='ltr'>oleo</span> 
     </span>
    </p>
   </div>
  </div>
 </body>
</html>
