1559 2463
108 85 158 118 44
334 73 405 110 SE
412 74 445 110 C
449 74 572 111 OND
600 74 789 110 LATIN
809 75 1089 111 READJNG
1115 74 1285 110 BOOK.
1343 71 1461 123 [PART
1482 85 1505 110 1.

106 184 146 220 111
175 184 373 221 Graeciam
402 197 441 222 se
469 185 642 222 contulit.
700 186 840 222 Caesar
871 189 1000 222 autem
1028 197 1114 222 cum
1142 185 1342 234 sexaginta
1374 184 1508 222 diebus

106 257 227 290 totam
272 253 426 290 Italiam
470 265 559 290 suae
604 253 761 290 ditionis
806 253 957 291 fecisset
1001 253 1041 290 in
1087 253 1316 302 Hispaniam
1361 265 1509 290 summa

107 320 300 358 celeritate
319 321 512 370 profectus
541 326 607 359 est.
666 321 763 359 Inde
791 321 903 358 victis
930 321 1092 371 Pompei
1120 321 1280 358 ducibus
1307 321 1348 358 in
1375 322 1509 359 urbem

107 401 299 438 regressus
342 389 489 426 animos
536 390 688 436 civium,
736 402 811 438 qua
857 394 939 427 erat
983 389 1235 435 humanitate,
1282 389 1391 426 brevi
1436 389 1509 426 sibi

108 459 335 496 conciliavit.

472 584 611 632 Dffeat
627 585 708 621 and
722 584 851 621 Deatlz
870 584 917 632 of
925 584 1133 631 Pompeius.

159 674 431 715 94.—Caesar
464 675 621 712 ineunte
657 687 745 712 vere
782 675 821 711 in
859 674 1059 712 Graeciam
1095 675 1254 712 traiecit.
1313 674 1392 711 Diu
1421 687 1507 711 cum

107 743 266 792 ancipiti
294 743 421 780 Marte
458 743 617 780 hostiles
650 743 839 780 exercitus
873 742 1130 789 dimicassent,
1159 743 1198 780 in
1227 743 1387 792 planitie
1416 743 1509 780 satis

107 824 245 861 magna
264 811 313 849 ad
332 811 568 858 Pharsalum,
590 811 631 848 id
650 811 733 848 vico
753 824 893 848 nomen
913 811 999 857 fuit,
1021 811 1118 848 acies
1134 815 1314 848 conserta.
1357 811 1509 847 Eximia

107 880 287 929 utrinque
306 880 450 918 virtute
470 884 683 930 pugnatum
704 884 771 917 est.
829 879 968 917 Caesar
987 879 1144 917 tandem
1172 879 1239 916 ubi
1268 879 1344 916 suis
1373 879 1509 928 imper-

107 949 188 987 avit
206 954 250 986 ut
269 962 335 986 ora
362 949 531 987 hostium
559 948 696 999 gladiis
724 953 909 997 peterent,
940 953 1094 985 tantum
1122 953 1307 986 terrorem
1334 948 1509 985 hostibus

107 1018 236 1055 iniecit
264 1023 307 1055 ut
343 1018 383 1055 in
419 1018 550 1068 fugam
587 1031 625 1054 se
662 1017 882 1066 reciperent.
941 1017 1146 1066 Pompeius
1179 1020 1307 1054 actum
1343 1029 1424 1054 esse
1461 1015 1508 1054 de

107 1086 277 1124 exercitu
297 1099 364 1124 suo
384 1090 490 1123 ratus
509 1086 548 1122 111
569 1098 706 1123 navem
735 1085 915 1122 escendit.
975 1084 1091 1122 Haud
1118 1085 1174 1122 ita
1201 1084 1323 1121 multo
1351 1088 1439 1133 post
1466 1084 1507 1121 111

106 1155 286 1205 Aegypto
314 1168 336 1192 a
364 1154 508 1191 sicariis
536 1153 763 1191 interfectus
800 1157 867 1190 est.
925 1152 1023 1190 Eum
1052 1152 1192 1190 Caesar
1219 1152 1259 1188 111
1287 1151 1509 1201 Aegyptum

107 1228 268 1269 secutus,
309 1236 394 1260 cum
431 1226 545 1272 caput
582 1226 783 1260 cruentum
820 1221 1153 1271 deformatumque
1186 1221 1356 1267 vidisset,
1396 1220 1508 1258 valde

106 1294 254 1331 flevisse
275 1293 424 1331 dicitur.
484 1293 619 1342 Neque
639 1292 800 1329 victoria
819 1292 958 1329 abusus
978 1304 1126 1329 summa
1153 1291 1392 1328 humanitate
1422 1303 1510 1340 erga

106 1362 228 1399 victos
264 1361 350 1408 fuit,
390 1361 547 1398 minime
584 1361 738 1410 ignarus
776 1360 830 1397 ita
867 1360 981 1397 modo
1019 1360 1232 1397 stabilitum
1277 1359 1324 1396 iri
1368 1372 1509 1397 novam

105 1434 337 1480 potestatem
367 1430 397 1467 si
425 1430 551 1479 palam
579 1429 732 1467 fecisset
760 1441 799 1466 se
837 1442 922 1466 cum
958 1428 1039 1466 iure
1076 1433 1161 1466 tum
1198 1427 1401 1465 clementia
1428 1440 1508 1464 rem

106 1499 373 1537 administrare
393 1498 501 1536 velle.
946 1499 951 1503 “

573 1630 743 1669 Caesar⁷s
760 1632 835 1668 last
853 1631 1040 1678 Exploits.

159 1724 335 1764 95.—In
363 1725 544 1774 Aegypto
581 1728 710 1761 autem
739 1723 779 1760 id
807 1722 989 1771 temporis
1017 1734 1086 1770 pro
1114 1721 1274 1770 imperio
1311 1721 1509 1759 certabant

106 1793 349 1831 Ptolemaeus
376 1792 520 1829 mortui
548 1792 647 1842 regis
675 1791 775 1828 filius
804 1796 842 1828 et
871 1803 976 1828 soror
1005 1789 1085 1826 eius
1114 1789 1325 1838 Cleopatra.
1385 1789 1508 1836 Quam

108 1863 171 1900 ubi
191 1863 372 1899 adiuvare
392 1862 532 1899 Caesar
551 1861 752 1898 constituit
770 1860 915 1898 bellum
942 1859 1163 1897 Ptolemaeo
1191 1858 1343 1896 indixit.
1401 1858 1440 1895 Is
1468 1859 1508 1895 in

107 1933 184 1969 acie
205 1932 329 1968 victus
355 1931 395 1967 in
418 1930 509 1967 Nilo
540 1930 696 1966 flumine
722 1929 848 1978 periit,
875 1929 1152 1977 inventumque
1181 1932 1240 1964 est
1265 1940 1399 1976 corpus
1428 1927 1508 1964 eius

107 2013 192 2037 cum
228 1999 346 2036 lorica
383 2012 505 2036 aurea.
563 1998 661 2035 Tum
699 1997 838 2035 Caesar
875 1996 1113 2034 Alexandria
1157 1995 1303 2045 potitus
1348 2008 1507 2045 regnum

106 2068 330 2117 Cleopatrae
363 2067 480 2104 dedit.
538 2066 634 2103 Inde
667 2066 732 2103 ubi
765 2066 805 2102 in
824 2066 958 2103 Asiam
991 2065 1143 2102 traiecit
1170 2064 1377 2102 rebellibus
1413 2064 1508 2101 fusis

106 2137 324 2186 fugatisque
344 2136 507 2173 Romam
536 2135 585 2172 ad
613 2140 789 2172 senatum
816 2134 1011 2183 rescripsit
1039 2133 1156 2171 talia:
1185 2133 1284 2179 veni,
1307 2133 1400 2179 vidi,
1420 2133 1505 2170 vici.

107 2205 253 2252 Quibus
273 2204 385 2242 rebus
413 2204 530 2254 gestis
558 2203 722 2241 Romam
750 2216 924 2240 reversus
952 2207 1020 2248 est,
1042 2214 1165 2250 neque
1193 2201 1260 2238 diu
1275 2201 1403 2250 quiete
1431 2201 1508 2238 frui

107 2272 245 2322 potuit,
276 2273 314 2308 in
353 2272 486 2309 Africa
522 2272 756 2320 conscriptas
793 2284 873 2308 csse
911 2270 1038 2319 copias
1076 2270 1123 2307 ab
1161 2269 1207 2306 iis
1244 2270 1310 2318 qui
1347 2269 1507 2319 Pompei

104 2341 278 2390 partibus
292 2340 467 2377 faverent
485 2340 623 2377 certior
642 2340 776 2378 factus,
828 2339 913 2385 Quo
927 2339 993 2375 ubi
1008 2343 1238 2387 perventum
1254 2343 1312 2376 est
1327 2342 1501 2376 conserto
