1559 2463
110 58 177 81 122
313 45 550 82 SECOND
577 45 769 81 LATJN
787 45 1068 83 READING
1095 45 1264 83 BOOK.
1305 43 1425 95 [PART
1445 56 1502 82 111.

105 152 249 190 Hastae
286 156 439 189 nostrae
475 151 704 202 praelongae
741 156 780 189 et
812 151 962 189 validae
998 164 1076 189 non
1114 151 1206 189 alias
1238 152 1359 202 magis
1390 165 1505 201 quam

102 221 284 258 adversus
302 221 434 258 beluas
453 225 694 269 rectoresque
723 233 854 258 earum
870 221 955 258 usui
972 233 1053 258 esse
1068 225 1252 269 poterunt
1270 236 1276 258 :
1305 220 1508 258 deturbate

102 302 165 326 eos
185 290 250 338 qui
270 290 474 336 vehuntur,
496 294 535 326 et
551 289 654 338 ipsas
674 289 877 327 confodite.
935 289 1090 338 Anceps
1110 302 1229 338 genus
1244 289 1378 327 auxilii
1393 293 1451 326 est
1470 293 1509 326 et

102 357 143 394 in
171 370 258 395 suos
287 358 408 395 acrius
436 358 539 396 furit.
597 358 643 394 In
672 358 822 395 hostem
851 358 954 395 enim
981 358 1152 406 imperio,
1183 358 1224 394 in
1253 370 1340 395 suos
1366 370 1507 406 pavore

107 425 242 475 agitur.

626 527 766 574 Deseat
783 528 827 574 os
838 529 970 564 Porus.

158 619 430 659 249.—Haec
468 619 639 657 elocutus
685 619 852 656 concitat
889 631 1031 667 equum
1067 618 1224 667 primus,
1264 618 1429 667 iamque,
1466 622 1511 655 ut

105 689 356 725 constitutum
380 693 472 734 erat,
494 688 646 725 ordines
674 687 843 724 hostium
864 686 1067 732 invaserat,
1088 699 1174 723 cum
1193 685 1344 724 Coenus
1363 686 1511 735 ingenti

105 757 142 793 vi
163 757 202 793 111
218 756 368 794 laevum
388 770 504 794 cornu
520 757 723 793 invehitur.
783 755 960 793 Phalanx
975 768 1125 804 quoque
1141 754 1308 792 mediam
1324 755 1509 792 Indorum

106 826 225 863 aciem
255 839 331 863 11110
352 826 500 875 impetu
531 825 715 875 perrupit.
772 824 925 861 Acriter
953 829 1083 861 tamen
1114 824 1161 860 ab
1181 824 1290 861 hoste
1310 823 1508 861 resisteba-

105 899 179 941 tur,
203 908 383 943 magnum
412 894 534 932 beluis
554 893 815 931 iniicientibus
843 898 1039 938 terrorem,
1062 892 1217 929 insolito
1247 891 1411 929 stridore
1431 905 1508 929 non

107 976 222 1012 equos
250 963 375 1009 modo,
407 968 487 1000 tam
516 962 699 1012 pavidum
727 961 776 999 ad
805 961 933 998 omnia
961 960 1112 1006 animal,
1135 960 1202 997 sed
1229 960 1331 997 viros
1360 973 1510 1009 quoque

107 1031 333 1080 ordinesque
353 1032 543 1069 turbante.
603 1030 686 1077 Quo
703 1030 742 1067 in
762 1029 980 1067 discrimine
1000 1042 1128 1066 rerum
1147 1028 1369 1066 Alexander
1387 1028 1510 1066 levem

105 1104 338 1137 armaturam
375 1100 502 1136 emisit
538 1099 577 1136 in
614 1098 756 1145 beluas,
791 1097 881 1135 dato
918 1097 1073 1147 negotio
1110 1101 1154 1134 ut
1190 1097 1412 1134 vulneribus
1449 1109 1511 1134 eas

106 1168 328 1205 territarent
364 1168 647 1216 irritarentque,
684 1167 739 1204 ita
774 1166 889 1204 modo
926 1166 973 1203 de
1004 1166 1104 1203 Poro
1138 1165 1365 1214 triumphari
1402 1178 1511 1214 posse

106 1244 211 1274 ratus
231 1236 262 1274 si
288 1236 418 1273 dolore
439 1236 585 1273 efferati
606 1235 801 1285 elephanti
820 1235 860 1271 in
881 1247 968 1271 suos
988 1233 1161 1271 conversi
1181 1237 1317 1271 essent.
1376 1233 1510 1282 Neque

106 1309 393 1355 praeceptorum
432 1305 634 1341 immemor
669 1304 778 1341 miles
815 1303 946 1341 beluas
983 1302 1104 1340 hastis
1142 1301 1355 1348 confodere,
1395 1302 1511 1351 pedes

106 1386 254 1411 necnon
291 1377 489 1422 amputare
526 1372 659 1421 coepit.
730 1372 830 1421 Ergo
868 1371 1062 1420 elephanti
1095 1370 1318 1408 vulneribus
1356 1370 1511 1408 tandem

105 1442 257 1491 fatigati
285 1442 325 1478 in
344 1441 474 1491 fugam
502 1454 540 1478 se
559 1441 739 1490 recipere,
762 1445 801 1478 et
828 1440 1010 1489 quicquid
1040 1439 1192 1477 obviarn
1214 1440 1322 1476 fieret
1349 1439 1511 1488 pedibus

107 1511 289 1548 obterere.
348 1510 413 1547 Fit
432 1514 577 1560 strages
596 1510 846 1547 barbarorum
865 1525 871 1546 :
900 1522 969 1546 rex
988 1509 1068 1557 ipse
1089 1508 1210 1546 Porus
1230 1508 1388 1558 capitur.

508 1670 709 1705 Interw'ew
728 1669 879 1704 between
899 1668 957 1703 tlce
975 1668 1108 1714 lsz'ngs.

161 1761 449 1808 250.—Quem
477 1761 699 1799 Alexander
731 1765 774 1798 ut
801 1760 911 1806 vidit,
942 1773 1020 1797 non
1049 1759 1137 1797 odio
1166 1759 1232 1796 sed
1268 1759 1511 1796 miseratione

109 1835 331 1876 commotus,
353 1830 469 1876 Quae,
490 1830 642 1876 malum,
665 1830 802 1878 inquit,
819 1829 987 1866 amentia
1006 1833 1044 1866 te
1064 1829 1176 1877 cogit,
1196 1841 1323 1865 rerum
1342 1841 1512 1865 mearum

109 1899 260 1948 cognita
276 1898 388 1943 fama,
406 1898 496 1935 belli
516 1898 709 1935 fortunam
729 1897 905 1947 experiri,
922 1910 1007 1934 011111
1023 1896 1176 1934 Taxiles
1195 1901 1294 1933 esset
1309 1895 1348 1933 in
1364 1895 1513 1933 deditos

108 1967 330 2004 clementiae
368 1980 472 2004 meae
510 1972 587 2003 tam
626 1967 886 2016 propinquum
931 1966 1003 2003 tibi
1048 1965 1296 2014 exemplum?
1369 1964 1513 2002 Contra

110 2035 242 2081 Porus⁷
265 2035 447 2083 quoniam
466 2035 528 2072 ille
548 2040 848 2084 percontaretur,
869 2046 1142 2083 responsurum
1170 2046 1250 2071 sese
1271 2046 1314 2070 ea
1334 2033 1512 2070 libertate

109 2116 223 2152 quam
252 2103 524 2153 interrogando
553 2103 717 2141 fecisset.
773 2103 979 2141 Neminem
1008 2115 1046 2139 se
1074 2101 1273 2140 fortiorem
1302 2101 1512 2148 censuisse3

110 2185 195 2208 suas
216 2171 318 2208 0111111
339 2172 490 2209 novisse
506 2172 605 2209 vires
625 2171 798 2209 nondum
813 2176 1015 2220 expertum
1035 2170 1136 2208 illius
1153 2185 1162 2217 3
1189 2169 1387 2208 fortiorem
1406 2169 1514 2207 illum

109 2240 210 2277 belli·⁸
220 2246 401 2277 eventum
422 2240 602 2278 docuisse.
661 2241 807 2278 Rursus
826 2241 1094 2290 interrogatuS‚
1116 2239 1209 2288 quid
1228 2239 1308 2288 ipse
1328 2239 1514 2276 victorem

112 2314 279 2346 statuere
300 2309 437 2346 debere
467 2313 648 2356 censeret,
671 2309 782 2355 Quod
810 2309 883 2356 hic,
904 2308 1041 2358 inquit,
1063 2308 1145 2345 dies
1174 2307 1246 2344 tibi
1275 2306 1420 2354 suadet,
1442 2318 1516 2355 quo
