1559 2463
0 2272 1 2292 l

0 2312 2 2336 Ι

49 42 151 67 PART
173 29 215 80 L]
463 30 729 67 HISTORY
753 30 829 66 OF
848 30 1028 66 ROME.
1397 39 1443 75 33

47 141 242 191 publicum
279 140 425 178 civibus
462 140 669 178 distribuit.
744 140 884 178 Postea
927 140 1124 177 civitatem
1161 139 1310 176 Latinis
1355 138 1446 175 dare

47 214 215 256 conatus,
248 209 393 246 civibus
429 209 540 246 valde
571 208 775 257 displicuit,
810 208 875 257 qui
913 208 1035 257 legem
1068 207 1329 257 antiquarunt,
1360 220 1445 244 cum

46 290 184 327 panem
223 282 262 314 et
298 277 481 314 circenses
518 276 710 314 communi
748 276 882 314 Italiae
920 276 1120 314 commocio
1154 280 1444 324 anteponerent.

46 346 203 383 Postero
236 359 335 383 anno
368 345 482 383 Caius
511 345 688 383 tribunus
717 358 796 383 esse
830 345 956 392 desiit,
990 350 1029 382 et
1059 345 1194 383 eodem
1228 345 1342 382 modo
1371 358 1446 394 quo

45 414 174 460 frater,
195 419 324 451 coorta
343 414 426 451 rixa
446 414 493 451 ab
514 414 678 451 inimicis
698 413 912 451 trucidatus
932 418 1000 452 est.

410 592 447 627 A
470 591 680 628 Statesman
700 604 746 627 σφι
768 592 828 627 ίΙῖε
851 592 950 628 Com
971 593 1078 628 Law.

98 682 315 722 69.—Piso
361 683 424 719 ille
461 682 577 732 Frugi
625 695 773 732 semper
813 686 947 719 contra
992 682 1116 733 legem
1154 683 1447 720 frumentariam

46 750 204 788 dixerat.
274 751 323 797 Is,
355 750 437 800 lege
467 751 555 797 lata,
587 751 794 788 consularis
831 751 879 788 ad
916 751 1153 788 frumentum
1185 751 1448 799 accipiendum

46 824 212 857 venerat.
269 819 557 857 Animadvertit
572 820 766 857 Gracchus
794 820 834 856 in
863 820 1042 857 concione
1067 820 1246 857 Pisonem
1266 824 1444 858 stantem.

48 887 204 934 Quaerit
240 887 418 925 audiente
455 887 596 937 populo
643 888 829 934 Romano,
861 901 927 925 cur
963 888 1201 925 frumentum
1238 892 1345 937 petat
1384 888 1449 937 qui

46 955 167 1005 legem
204 956 496 993 frumentariam
542 955 773 993 dissuaserit.
850 955 992 1001 Nolim,
1033 956 1169 1005 inquit,
1209 969 1294 994 mea
1335 957 1446 1003 hona,

46 1023 227 1069 Gracche,
244 1023 314 1060 tibi
343 1023 489 1060 viritim
509 1023 680 1061 dividere
709 1024 836 1069 libeat,
860 1024 925 1061 sed
945 1024 975 1061 si
996 1024 1122 1069 facias,
1139 1030 1287 1073 partem
1307 1030 1446 1074 petam.

46 1093 237 1130 Parumne
257 1092 465 1129 declaravit
493 1093 551 1129 vir
581 1092 708 1142 gravis
737 1097 776 1130 et
804 1093 953 1142 sapiens
982 1093 1064 1143 lege
1085 1093 1311 1142 Sempronia
1335 1093 1450 1143 patri—

46 1161 217 1198 monium
236 1161 433 1210 publicum
453 1161 655 1210 dissipari?

512 1329 607 1364 War
621 1329 769 1375 against
785 1328 990 1375 Iugurtha.

97 1418 323 1458 70.—Post
342 1417 614 1467 Carthaginem
652 1418 819 1456 deletam
857 1432 1005 1456 summa
1036 1422 1207 1468 potestas
1240 1418 1280 1455 in
1314 1419 1448 1456 Africa

46 1500 161 1536 penes
194 1487 382 1524 Numidas
415 1487 500 1527 fuit,
559 1487 709 1525 Horum
743 1500 823 1533 rex,
863 1488 922 1525 cui
959 1501 1098 1525 nomen
1128 1488 1313 1537 Micipsae
1352 1492 1446 1534 erat,

46 1556 210 1593 moriens
253 1556 340 1592 filiis
377 1555 526 1594 duobus
563 1561 602 1593 et
647 1556 810 1605 principi
848 1556 998 1593 cuidam
1036 1569 1149 1605 quem
1196 1556 1448 1605 adoptaverat

46 1636 204 1673 regnum
242 1624 412 1662 tradidit.
488 1625 527 1662 Is
563 1624 700 1662 fratres
745 1625 956 1662 trucidavit
1002 1630 1045 1662 ut
1090 1625 1192 1662 solus
1238 1625 1448 1662 Numidiae

47 1693 205 1742 imperio
233 1694 433 1742 potiretur.
500 1694 665 1743 Cognito
703 1694 846 1731 Romae
885 1694 1022 1732 scelere
1056 1695 1199 1732 bellum
1238 1694 1446 1744 Iugurthae

45 1761 233 1799 indictum
270 1768 336 1799 est.
412 1762 552 1800 Missus
591 1762 773 1800 adversus
811 1776 897 1800 eum
938 1763 1080 1810 consul,
1112 1769 1311 1812 corruptus
1348 1764 1448 1813 regis

45 1831 215 1879 pecunia,
254 1844 386 1879 pacem
432 1831 766 1880 flagitiosissimam
814 1831 915 1869 fecit.
990 1831 1179 1881 Iugurtha
1219 1831 1376 1868 tandem
1426 1846 1448 1869 a

46 1898 190 1945 Quinto
218 1899 387 1945 Metello,
409 1900 474 1949 qui
493 1900 693 1949 pecuniam
712 1900 879 1948 accipere
900 1899 1065 1946 nolebat,
1087 1900 1194 1937 fusus
1216 1900 1448 1950 fugatusque

45 1973 103 2006 est
115 1983 125 2016 ,-
155 1981 251 2018 quae
270 1968 430 2005 victoria
448 1968 607 2006 Metello
627 1982 767 2006 nomen
788 1968 993 2006 Numidico
1014 1968 1130 2006 dedit.

504 2140 594 2176 Rise
611 2139 654 2187 of
676 2140 791 2176 Caius
810 2140 975 2176 Marius.

97 2231 316 2272 7I.—-Erat
332 2236 460 2269 autem
475 2231 515 2268 in
530 2231 700 2268 exercitu
715 2231 864 2269 Metelli
879 2231 1028 2281 legatus
1043 2231 1210 2280 quidam,
1231 2232 1289 2268 cui
1305 2244 1445 2269 nomen

44 2300 137 2339 Caio
166 2300 290 2338 Mario
319 2305 411 2347 erat,
433 2300 569 2337 humili
598 2300 680 2337 loco
709 2304 832 2347 natus,
855 2300 915 2337 vir
947 2300 1131 2350 singulari
1169 2300 1313 2338 virtute
1345 2300 1446 2338 idem

733 2377 756 2405 C
