1559 2463
54 86 156 111 PART
173 73 213 125 1.]
477 73 734 110 HISTORY
766 73 842 110 OF
860 72 1042 108 ROME.
1435 82 1453 117 5

52 185 242 232 adiunxit,
271 185 392 222 fossas
421 184 519 222 cirea
545 196 698 220 murum
727 183 849 220 duxit.
918 182 1072 219 Primus
1100 181 1272 220 omnium
1301 194 1455 218 censum

50 253 233 299 instituit,
263 253 330 303 qui
366 252 491 290 adhuc
524 265 591 301 per
619 252 752 289 orbem
785 257 976 289 terrarum
1004 251 1222 301 incognitus
1251 255 1342 287 erat.
1401 250 1458 287 Eo

49 328 233 372 regnante
270 322 393 359 Roma
438 321 616 359 omnibus
654 321 692 357 in
731 333 886 358 censum
932 319 1071 357 delatis
1116 319 1253 357 habuit
1289 318 1458 368 capitum

51 391 246 441 octoginta
278 391 353 428 tria
384 390 490 427 milia
523 390 664 427 civium
696 389 959 426 Romanorum
991 402 1076 426 eum
1113 388 1159 425 iis
1188 388 1252 437 qui
1285 387 1325 424 in
1359 386 1459 436 agris

51 464 169 496 erant.
241 458 414 496 Tandem
448 458 591 496 occisus
625 463 683 495 est
713 457 853 495 scelere
887 457 1016 507 generi
1055 456 1113 494 sui
1143 456 1356 505 Tarquinii,
1390 455 1459 492 filii

50 527 131 564 eius
167 527 268 577 regis
304 527 364 564 cui
400 526 481 576 ipse
519 531 762 571 successerat,
803 531 841 563 et
877 525 978 562 filiae
1009 537 1123 574 quam
1154 523 1386 572 Tarquinius
1419 523 1459 559 in

50 595 336 633 matrimonium
356 595 531 632 duxerat.

528 753 758 799 Tarquinius
777 752 973 800 Superbus.

107 843 373 884 lO.—-Lucius
412 843 643 892 Tarquinius
676 843 885 893 Superbus,
917 843 1105 893 septimus
1145 847 1260 891 atque
1300 841 1459 878 ultimus

49 925 194 962 regum,
242 912 335 949 dum
381 912 566 961 oppidum
612 911 784 949 Ardeam
830 912 993 958 obsidet,
1032 911 1231 961 imperium
1279 909 1460 959 perdidit.

52 981 152 1019 Nam
173 994 259 1019 cum
278 981 377 1019 filius
397 982 489 1027 eius,
513 981 573 1018 cui
593 981 713 1019 Sexto
734 994 874 1019 nomen
895 986 989 1027 erat,
1011 980 1274 1018 nobilissimae
1294 979 1461 1017 feminae

51 1050 262 1095 Lucretiae,
301 1050 413 1088 uxori
452 1050 648 1096 Collatini,
691 1050 871 1088 iniuriam
910 1049 1118 1095 intulisset,
1158 1062 1202 1086 ea
1239 1048 1286 1086 de
1323 1047 1463 1085 iniuria

51 1119 190 1156 marito
210 1124 249 1157 et
268 1119 370 1168 patri
390 1124 526 1169 questa
545 1119 585 1156 in
605 1119 779 1157 omniiun
807 1124 1013 1168 conspectu
1032 1131 1070 1155 se
1091 1117 1240 1155 occidit.
1299 1117 1463 1165 Propter

52 1199 166 1236 quam
208 1200 379 1224 caussam
420 1186 577 1233 Brutus,
620 1199 759 1236 parens
799 1192 839 1223 et
881 1187 962 1235 ipse
1005 1185 1217 1235 Tarquinii,
1261 1183 1463 1222 concitatis

51 1255 199 1293 civibus
237 1255 445 1305 Tarquinio
492 1256 696 1305 imperium
733 1255 890 1294 ademit.
964 1255 1061 1292 Mox
1090 1254 1281 1292 exercitus
1310 1265 1462 1303 quoque

51 1337 149 1370 eum,
180 1324 246 1373 qui
275 1324 459 1374 oppidum
485 1324 655 1362 Ardeam
683 1324 899 1370 obsidebat,
928 1324 1095 1373 reliquit.
1155 1323 1252 1361 Inde
1280 1336 1349 1360 rex
1376 1335 1462 1359 eum

51 1393 100 1430 ad
119 1393 255 1430 urbem
273 1393 463 1440 rediisset,
483 1393 606 1443 portis
625 1393 762 1431 clausis
783 1393 958 1431 exclusus
979 1392 1199 1430 exsulatum
1219 1391 1322 1429 abiit.

560 1560 599 1596 T
593 1559 637 1596 lte
654 1560 763 1596 First
785 1560 951 1596 Cousuls.

119 1649 338 1688 11.—Hinc
358 1650 530 1687 consules
551 1650 676 1700 coepti
697 1656 788 1688 sunt
806 1664 875 1700 pro
895 1664 972 1688 uno
1000 1663 1088 1700 rege
1110 1650 1185 1687 duo
1206 1649 1333 1695 creari,
1357 1654 1411 1695 ut,
1433 1649 1464 1686 si

52 1718 149 1756 alter
167 1717 292 1756 malus
312 1731 392 1755 esse
407 1718 602 1764 voluisset,
624 1719 723 1756 alter
743 1732 831 1756 eum
851 1731 1023 1756 coercere
1043 1723 1174 1769 posset
1193 1731 1279 1755 cum
1299 1717 1463 1754 similem

52 1791 285 1836 potestatem
313 1786 481 1824 haberet.
540 1787 693 1824 Placuit
721 1787 838 1825 etiam
865 1801 914 1825 ne
934 1787 1139 1837 imperium
1168 1786 1319 1837 longius
1348 1800 1463 1836 quam

53 1868 224 1892 annuum
252 1855 452 1902 haberent,
473 1869 519 1893 ne
549 1869 616 1904 per
635 1855 934 1894 diuturnitatem
963 1855 1168 1906 potestatis
1196 1855 1465 1893 insolentiores

52 1925 316 1971 redderentur,
333 1925 399 1963 sed
412 1930 456 1962 ut
469 1926 598 1963 civiles
614 1939 763 1975 semper
779 1932 915 1972 essent,
935 1926 1000 1975 qui
1014 1939 1053 1963 se
1066 1931 1154 1975 post
1167 1939 1310 1963 annum
1323 1926 1464 1963 scirent

52 1994 203 2031 futuros
231 2007 310 2031 esse
330 1994 511 2043 privatos.
570 1994 745 2032 Fuerunt
773 1995 892 2044 igitur
912 2007 1015 2032 anno
1043 1994 1166 2043 primo
1195 1999 1282 2043 post
1311 1999 1465 2031 exactos

52 2076 160 2113 reges
177 2063 349 2100 consules
369 2063 409 2100 L.
430 2063 564 2101 Iunius
584 2063 738 2110 Brutus,
757 2064 822 2113 qui
841 2063 1009 2101 maxime
1022 2068 1152 2113 egerat
1171 2068 1215 2100 ut
1234 2063 1466 2112 Tarquinius

52 2131 267 2180 pelleretur,
290 2137 329 2168 et
347 2131 579 2181 Tarquinius
598 2132 825 2178 Collatinus,
842 2132 1002 2169 maritus
1022 2131 1232 2169 Lucretiae.
1281 2130 1357 2168 Sed
1377 2130 1467 2168 Tar-

52 2200 185 2250 quinio
214 2200 407 2238 Collatino
433 2201 566 2238 statim
586 2201 738 2238 sublata
766 2206 824 2238 est
852 2200 1042 2250 dignitas3
1071 2201 1266 2250 placuerat
1295 2201 1398 2237 enim
1417 2213 1464 2237 ne

53 2269 255 2318 quisquam
270 2269 310 2306 in
324 2270 418 2307 urbe
433 2275 606 2307 maneret
622 2270 688 2319 qui
707 2269 942 2319 Tarquinius
961 2275 1170 2307 vocaretur.
1221 2269 1358 2318 Itaque
1379 2282 1464 2306 cum

53 2351 101 2375 ex
128 2338 222 2375 urbe
251 2338 456 2388 migrasset
476 2338 558 2376 loco
579 2339 660 2376 eius
679 2339 858 2376 Valerius
878 2339 1080 2377 Publicola
1101 2338 1231 2376 consul
1250 2339 1374 2376 faetus
1395 2344 1462 2375 est.
