1559 2463
89 66 136 109 46
316 65 551 101 SECOND
580 64 769 120 LATJN
788 64 1067 100 READJNG
1096 65 1265 101 BOOK.
1320 62 1443 113 [PART
1464 75 1487 100 1.

643 172 757 208 Caesa
762 170 813 207 r's
832 172 944 207 Heir.

145 255 431 294 98.—-Mortuo
451 255 610 293 Caesare
632 260 762 292 tantus
782 255 906 292 luctus
927 267 1057 292 omnes
1077 254 1155 292 fere
1176 254 1330 293 ordines
1349 255 1492 292 invasit

92 327 135 359 ut
163 328 306 372 quanto
336 336 447 372 opere
476 323 758 361 desideraretur
794 323 932 360 Caesar
960 323 1072 372 plane
1101 327 1301 360 constaret.
1358 323 1494 372 Neque

93 391 213 428 Bruto
251 395 291 429 et
328 391 458 429 Cassio
496 395 657 428 eventus
703 404 829 428 rerum
867 404 914 428 ex
951 391 1143 429 sententia
1179 391 1264 438 fuit,
1305 404 1390 428 cum
1427 404 1494 440 per

91 459 275 497 tredecim
295 473 414 497 annos
434 459 623 497 discordia
636 459 757 496 civilis
777 473 819 497 ac
838 459 1027 497 tumultus
1046 460 1086 496 in
1105 460 1199 497 urbe
1219 459 1492 497 crudescerent.

94 527 287 566 Heredem
316 528 455 566 Caesar
482 528 704 566 instituerat
732 528 773 565 C.
807 528 1008 566 Octavium
1038 528 1176 566 sororis
1204 528 1282 565 filia
1308 528 1491 578 genitum,

94 610 179 634 cum
198 596 323 646 proles
343 596 530 634 deficeret.
589 597 627 633 Is
655 596 732 634 iam
760 601 843 633 tum
872 596 1140 646 duodeviginti
1169 609 1287 634 annos
1315 600 1428 633 natus
1456 596 1495 632 in

94 665 254 703 Graecia
273 666 590 711 commorabatur,
611 678 693 702 mos
713 665 814 702 enim
847 665 921 702 fuit
940 670 984 702 ut
1002 665 1158 702 iuvenes
1188 665 1351 702 Romani
1384 664 1497 702 urbes

95 733 258 772 Graecas
278 734 430 771 adirent
449 734 516 771 ubi
536 733 785 783 philosophos
816 734 1047 771 disserentes
1078 733 1266 771 audirent.
1325 733 1399 779 Qui
1430 732 1497 770 ubi

96 802 234 839 certior
269 802 393 840 factus
426 807 484 840 est
517 802 609 852 quid
643 802 841 840 accidisset
871 802 1033 840 Romam
1066 816 1240 840 reversus
1277 806 1343 840 est.
1402 801 1496 839 Inde

95 875 244 908 mutato
263 871 416 909 nomine
436 884 538 917 usus,
560 884 645 908 cum
675 871 880 921 agnomina
900 871 934 908 ei
953 871 1044 908 data
1073 876 1209 917 essent,
1233 870 1347 908 Caius
1377 869 1498 907 Iulius

95 938 234 976 Caesar
254 939 487 977 Octavianus
507 939 721 989 appellatus
741 944 807 977 est.

656 1075 713 1111 lll.
738 1075 773 1110 Α
778 1074 938 1110 ntom'us.

149 1157 433 1197 99.—Mortuo
447 1158 608 1195 Caesare
621 1157 674 1194 M.
692 1157 887 1195 Antonius
901 1157 966 1207 qui
981 1170 1028 1194 ex
1045 1157 1124 1194 eius
1137 1155 1295 1193 ducibus
1309 1161 1390 1193 erat
1404 1156 1498 1193 adeo

96 1225 281 1274 populum
301 1225 519 1271 concitavit,
541 1230 584 1262 ut
614 1225 757 1263 Brutus
788 1230 827 1263 et
863 1225 1016 1263 Cassius
1047 1237 1131 1261 cum
1161 1224 1296 1262 ceteris
1333 1224 1500 1262 coniura-

97 1294 255 1340 toribus,
294 1294 408 1331 veriti
444 1307 491 1331 ne
528 1307 671 1343 poenas
707 1293 854 1339 darent,
891 1307 939 1330 ex
975 1293 1068 1330 urbe
1106 1291 1342 1330 excederent.
1401 1291 1500 1328 Tum

98 1362 269 1400 veterani
306 1362 478 1400 Caesaris
515 1376 600 1400 011111
637 1362 854 1400 Antonium
891 1361 1077 1398 adiissent
1113 1365 1319 1398 oraverunt
1356 1364 1399 1397 ut
1428 1359 1501 1396 sibi

98 1436 261 1469 mortem
280 1431 386 1469 ducis
402 1437 483 1469 tam
498 1431 628 1469 dilecti
643 1436 798 1480 tamque
815 1435 995 1480 expertae
1012 1429 1195 1467 bonitatis
1211 1429 1339 1466 ulcisci
1359 1428 1497 1465 liceret.

100 1500 271 1547 Quorum
303 1501 478 1550 precibus
511 1500 613 1538 haud
644 1500 789 1537 invitus
818 1499 1101 1548 obtemperavit
1129 1498 1333 1545 Antonius,
1364 1511 1403 1535 se
1431 1497 1501 1534 hoc

99 1569 214 1607 modo
251 1568 480 1618 reipublicae
518 1582 691 1618 praeesse
728 1581 838 1618 posse
875 1573 990 1605 ratus.
1049 1567 1159 1614 Quod
1205 1566 1270 1604 ubi
1307 1566 1501 1616 cognitum

101 1638 322 1685 Octaviano,
345 1638 410 1687 qui
430 1643 513 1675 tum
533 1638 631 1675 forte
651 1638 792 1683 aberat,
825 1637 988 1674 Romam
1008 1636 1117 1674 redit.
1176 1635 1272 1673 Inde
1302 1635 1503 1684 paullatim

101 1707 201 1745 vires
247 1707 280 1744 ei
331 1720 550 1752 accrescere,
591 1706 781 1743 adiunctis
828 1705 961 1742 multis
1010 1719 1029 1742 e
1080 1704 1251 1742 Caesaris
1298 1703 1499 1749 veteranis,

102 1775 311 1813 multorum
331 1775 443 1812 simul
462 1775 603 1812 civium
622 1774 752 1812 favore
772 1774 984 1811 conciliato.
1039 1773 1174 1822 Neque
1194 1773 1247 1809 ita
1266 1772 1388 1809 multo
1418 1775 1505 1820 post

102 1858 188 1882 cum
224 1849 352 1894 patres
388 1843 531 1882 bellum
567 1843 740 1880 Antonio
778 1842 1021 1888 indixissent,
1061 1855 1123 1880 eos
1161 1845 1348 1891 quantum
1377 1840 1505 1889 potuit

104 1914 261 1951 adiuvit.
319 1913 413 1950 Acie
432 1912 481 1950 ad
501 1913 695 1950 Mutinam
716 1916 890 1949 conserta
908 1911 1032 1948 victus
1065 1915 1123 1948 est
1153 1910 1347 1947 Antonius
1366 1922 1504 1958 magno

104 1982 361 2028 detrimento3
390 1994 513 2029 neque
534 1994 577 2018 ea
596 1980 756 2018 victoria
781 1980 982 2017 incruenta
999 1979 1086 2025 fuit,
1107 1978 1256 2016 duobus
1285 1977 1504 2015 consulibus

104 2063 189 2087 cum
209 2049 341 2086 multis
360 2048 548 2086 militibus
568 2047 790 2086 interfectis

553 2183 592 2218 T
585 2183 628 2218 lle
649 2181 787 2219 Second
807 2183 846 2217 T
841 2182 1070 2218 riumvirate.

161 2265 418 2307 loa—Inde
439 2265 673 2304 Octavianus
693 2264 824 2302 consul
844 2264 968 2301 factus
989 2277 1075 2301 cum
1094 2263 1276 2301 adversus
1296 2267 1356 2300 tot
1374 2262 1503 2299 hostes

105 2349 273 2386 pugnare
293 2334 424 2381 nollet,
445 2347 536 2383 pace
555 2347 641 2371 cum
665 2333 838 2371 Antonio
868 2333 980 2379 facta,
1001 2333 1222 2370 societatem
1252 2345 1337 2369 cum
1371 2331 1504 2369 eodem
