1559 2463
65 53 268 105 PART111.]
386 55 755 91 ALEXANDER
788 56 907 90 THE
939 54 1148 91 GREAT.
1396 63 1464 100 105

548 201 675 246 Etzlry
695 201 771 235 into
790 200 970 246 Babylon.

115 306 369 346 215.—Inde
407 307 606 355 Babylona
652 307 785 343 urbem
823 305 1050 343 ditissimam
1096 304 1467 355 pulcherrimamque

62 375 270 413 contendit.
330 375 412 422 Quo
432 376 497 413 ubi
515 380 745 424 perventum
765 379 834 421 est,
855 374 1035 412 Mazaeus
1055 387 1073 411 e
1094 374 1203 411 Darii
1223 373 1382 410 ‹lucibus
1402 373 1467 421 qui

62 457 109 481 ex
128 444 205 481 acie
226 458 269 481 co
290 444 524 494 confugerat,
545 457 630 481 cum
648 443 789 481 adultis
809 443 937 481 liberis
958 443 1119 492 supplex
1139 442 1311 487 occurrit,
1335 442 1467 478 urbem

62 526 176 561 seque
196 513 320 561 ipsum
340 512 492 550 dedens.
551 512 602 549 Et
621 525 759 562 magna
778 525 865 561 pars
885 512 1025 548 civium
1046 511 1271 548 constiterat
1289 511 1329 547 in
1349 510 1467 546 muris

61 581 175 619 avida
190 581 439 631 cognoscendi
455 581 545 618 novi
558 582 673 631 regis:
702 581 830 631 plures
846 580 999 617 obviam
1014 580 1153 629 egressi
1170 584 1268 616 sunt.
1326 579 1468 615 Totum

58 650 135 687 iter
172 650 327 688 floribus
364 655 665 696 constraverunt,
705 650 895 699 argenteis
928 649 1112 686 altaribus
1150 653 1312 697 utroque
1349 647 1468 684 latere

61 719 268 767 dispositis,
302 733 398 768 quae
435 733 513 757 non
550 724 635 757 ture
666 719 780 756 modo
818 717 884 755 sed
922 718 1099 755 omnibus
1130 717 1309 754 odoribus
1343 729 1467 753 cumu-

59 788 241 826 laverant.
300 788 412 826 Dona
432 789 690 838 sequebantur
707 801 840 838 greges
853 801 1032 837 pecorum
1053 799 1324 836 equorumque,
1340 786 1470 822 leones

61 870 211 906 quoque
249 862 287 895 et
324 857 498 905 pardales
533 858 657 895 caveis
689 857 1014 906 praeferebantur.
1085 856 1191 906 Magi
1228 855 1367 892 deinde
1401 867 1469 891 suo

60 939 163 963 more
202 939 352 963 carmen
390 931 582 973 canentes,
620 930 708 976 post
744 926 814 963 hos
851 939 928 963 non
961 930 1067 963 vates
1101 924 1215 962 modo
1249 923 1315 961 sed
1353 923 1468 960 etiam

62 994 224 1031 artifices
262 1007 347 1031 cum
384 994 534 1041 fidibus,
574 995 721 1043 equites
768 994 906 1031 deinde
943 993 1148 1043 Babylonii
1185 992 1310 1030 ultimi
1348 992 1465 1029 ibant.

60 1062 144 1100 Rex
173 1063 331 1100 armatis
359 1063 523 1113 stipatus
552 1063 831 1112 oppidanorum
850 1063 1003 1100 turbam
1030 1067 1118 1111 post
1137 1062 1293 1099 ultimos
1321 1060 1469 1109 pedites

60 1131 115 1168 ire
152 1131 284 1169 iussit:
324 1132 405 1181 ipse
439 1145 524 1169 cum
554 1145 666 1169 curru
703 1132 837 1169 urbem
870 1145 911 1168 ac
941 1131 1079 1169 deinde
1117 1131 1262 1180 regiam
1294 1129 1465 1167 intravit.

60 1198 219 1237 Postero
239 1199 300 1238 die
320 1200 594 1249 supellectilem
613 1200 722 1237 Darii
742 1205 781 1237 et
801 1213 953 1238 omnem
972 1200 1172 1249 pecuniam
1191 1199 1422 1249 recognovit.

360 1391 436 1427 The
468 1391 585 1426 [Valls
604 1392 686 1426 <md
702 1392 760 1427 she
778 1392 965 1439 ffimgl'ng
986 1393 1167 1429 Gardens.

112 1498 451 1538 216.—Ceterum
470 1498 576 1535 urbis
596 1498 842 1548 pulchritudo
862 1512 904 1536 ac
924 1504 1097 1536 vetustas
1117 1512 1194 1536 non
1224 1499 1322 1548 regis
1342 1498 1466 1543 modo,

59 1568 126 1605 sed
155 1568 271 1605 etiam
300 1567 471 1604 omnium
500 1568 627 1605 oculos
656 1568 755 1605 inse
785 1569 984 1606 convertit.
1042 1568 1262 1605 Semiramis
1283 1581 1365 1605 eam
1387 1581 1470 1605 con-

60 1636 224 1683 diderat,
246 1649 334 1682 non,
358 1641 401 1673 ut
420 1636 593 1685 plerique
614 1636 819 1684 credidere,
842 1637 967 1683 Belus,
990 1638 1095 1674 cuius
1116 1638 1220 1687 regia
1239 1637 1466 1675 ostenditur.

61 1705 196 1742 Murus
224 1704 431 1742 altissimus
461 1709 499 1742 et
526 1705 734 1743 latissimus
763 1706 1027 1755 amplectitur3
1067 1706 1273 1756 quadrigae
1301 1707 1403 1743 inter
1431 1719 1470 1743 se

59 1778 298 1811 occurrentes
344 1774 424 1810 sine
461 1773 627 1822 periculo
665 1787 874 1812 commeare
921 1775 1108 1812 dicuntur.
1186 1774 1308 1824 Super
1345 1789 1469 1812 arcem

59 1842 223 1891 pensiles
259 1842 362 1880 horti
400 1847 489 1879 sunt
525 1855 713 1880 summam
750 1857 947 1881 murorum
979 1843 1224 1881 altitudinem
1262 1850 1469 1893 aequantes

58 1912 341 1960 multarumque
361 1911 541 1948 arborum
560 1912 696 1950 umbra
715 1918 753 1950 et
772 1913 1001 1961 proceritate
1022 1913 1181 1950 amoeni.
1240 1912 1341 1950 Saxo
1356 1913 1467 1962 pilae,

59 1993 155 2029 quae
178 1984 304 2017 totum
333 1993 427 2017 onus
456 1981 659 2027 sustinent,
688 1981 897 2019 instructae
926 1987 1037 2020 sunt:
1077 1995 1190 2031 super
1217 1982 1313 2030 pilas
1341 1982 1468 2030 lapide

59 2048 247 2098 quadrato
269 2048 391 2086 solum
412 2053 577 2086 stratum
597 2054 664 2096 est,
687 2051 836 2099 patiens
856 2056 990 2097 terrae,
1013 2064 1128 2100 quam
1148 2050 1264 2087 altam
1278 2051 1467 2096 iniiciunt,

59 2122 98 2154 et
129 2117 312 2163 humoris,
346 2130 421 2166 quo
454 2118 582 2167 rigant
610 2122 760 2156 terram.
819 2119 866 2156 Id
899 2132 993 2169 opus
1022 2132 1150 2169 regem
1178 2119 1344 2168 aliquem
1373 2120 1468 2157 anti-

60 2186 190 2235 quitus
227 2199 308 2223 esse
344 2185 521 2223 molitum
554 2189 759 2226 memoriae
796 2189 994 2238 proditum
1026 2193 1095 2235 est,
1131 2202 1258 2226 amore
1296 2189 1468 2238 coniugis

59 2255 216 2301 victum,
251 2268 347 2304 quae
380 2255 569 2293 desiderio
607 2269 805 2294 nemorum
838 2258 1095 2307 silvarumque
1125 2258 1251 2295 virum
1285 2257 1469 2307 compulit

59 2323 331 2361 amoenitatem
350 2329 508 2361 naturae
529 2325 715 2363 eiusmodi
736 2339 848 2375 opere
868 2327 1021 2363 imitari.
