1559 2463
76 86 145 109 100
266 73 506 110 SECOND
534 73 727 109 LATJN
745 73 1028 110 READJNG-
1054 74 1224 112 BOOK
1272 73 1393 125 [PART
1413 87 1470 112 ΙΙΙ.

71 183 366 222 continuaretur.
417 182 517 220 Tum
531 196 622 221 vero
635 183 812 221 admotae
831 183 1030 221 machinae
1049 188 1329 234 tormentaque,
1350 199 1473 235 neque

68 254 123 291 ita
142 253 264 291 multo
292 257 379 302 post
398 252 508 290 miles
536 266 604 302 per
630 253 805 302 patentia
831 252 952 290 ruinis
980 252 1020 289 in
1039 253 1173 290 urbem
1201 254 1320 300 vadit,
1344 255 1473 304 nequi-

68 335 183 371 quam
203 321 478 359 obsistentibus
498 320 708 370 oppidanis.
767 320 831 357 Fit
851 324 996 370 strages
1016 325 1055 358 et
1074 321 1252 358 atrociter
1271 321 1311 358 in
1330 322 1472 360 incolas

67 391 245 428 saevitur.
302 390 358 427 Eo
378 389 535 427 tandem
555 389 737 427 saevitiae
757 394 986 438 perventum
1015 394 1073 427 est
1101 394 1144 426 ut
1162 390 1311 427 nullum
1330 391 1471 428 animal

67 449 354 508 superfuturum
374 458 580 503 videretur,
602 458 675 495 nisi
695 471 763 495 rex
783 457 966 495 edixisset
991 462 1034 495 ut
1062 458 1110 495 ab
1130 458 1266 496 inermi
1285 459 1471 496 abstinea-

65 532 139 566 tur.
197 527 333 577 Itaque
353 527 475 576 Tyros
504 527 666 576 septimo
694 540 824 564 mense
845 540 959 576 quam
988 528 1199 578 oppugnari
1223 533 1357 578 coepta
1376 534 1467 576 erat,

65 601 177 645 capta
206 600 274 642 est,
296 596 386 632 urbs
418 600 457 632 et
486 600 679 632 vetustate
711 595 868 645 originis
889 601 928 633 et
957 596 1112 634 fortuna
1141 597 1308 647 insignis.
1368 598 1469 635 Nam

64 678 178 712 mare,
200 678 278 702 non
297 664 465 701 vicinum
493 663 619 710 modo,
642 664 708 701 sed
736 664 989 713 quodcunque
1018 665 1154 702 classes
1181 665 1260 702 eius
1279 666 1467 713 adierunt,

64 747 153 771 suae
173 733 331 770 ditionis
350 732 449 770 fecit.
508 733 558 769 Et
587 733 617 770 si
646 733 770 770 famae
798 733 895 770 libet
923 733 1085 780 eredere,
1107 734 1199 771 haee
1227 747 1319 783 gens
1339 735 1469 773 literas

63 803 186 852 prima
217 806 284 839 aut
317 801 447 839 decuit
480 806 546 838 aut
576 801 720 839 didicit.
778 802 960 840 Coloniae
988 807 1089 840 certe
1118 803 1198 840 eius
1231 816 1351 852 paene
1384 808 1467 841 toto

65 873 155 909 orbe
176 871 334 908 diffusae
351 876 440 908 sunt
457 887 463 908 :
492 871 685 920 Carthago
705 871 744 907 in
765 871 906 917 Africa,
923 872 963 908 in
979 871 1138 909 Boeotia
1157 871 1321 918 Thebae,
1340 871 1467 908 Gades

63 940 112 978 ad
133 940 336 977 Oceanum.

326 1065 506 1102 Darz'lls's
526 1066 652 1101 Letler
668 1065 748 1101 aad
763 1066 1015 1102 Alexander&
1034 1067 1204 1103 Auswer.

116 1156 365 1195 206.—Hae
398 1156 476 1192 fere
515 1159 743 1204 tempestate
780 1155 913 1193 literae
951 1169 973 1192 a
1009 1155 1127 1193 Dario
1161 1155 1297 1193 allatae
1330 1157 1467 1205 quibus

62 1225 218 1273 petebat
248 1228 292 1260 ut
322 1223 439 1260 filiam
469 1236 586 1269 suam,
621 1224 679 1260 cui
709 1223 874 1261 Statirae
894 1236 1031 1261 nomen
1061 1223 1146 1269 fuit,
1177 1223 1399 1261 Alexander
1426 1225 1465 1261 in

61 1292 349 1330 matrimonium
386 1291 564 1329 duceret:
603 1291 733 1329 dotem
770 1291 852 1329 fore
889 1291 1088 1328 dimidiam
1125 1292 1274 1341 imperii
1304 1297 1462 1341 partem.

62 1360 173 1408 Quod
203 1361 233 1397 si
261 1359 360 1397 forte
389 1359 593 1405 dubitaret,
617 1360 719 1409 quod
748 1360 958 1405 offerretur,
979 1360 1158 1407 accipere,
1180 1372 1227 1397 ne
1256 1359 1296 1397 id
1316 1360 1466 1397 oblivis-

61 1435 221 1476 ceretur,
242 1442 518 1478 nonnunquam
547 1429 686 1466 mutari
715 1428 920 1474 fortunam,
943 1428 1202 1476 victoremque
1222 1441 1331 1477 posse
1351 1429 1462 1465 vinei.

62 1499 284 1537 Alexander
302 1499 358 1544 iis,
380 1499 445 1547 qui
464 1498 594 1535 literas
614 1497 833 1544 attulerant,
856 1497 1054 1546 respondit
1069 1497 1230 1534 Darium
1250 1498 1321 1535 sibi
1341 1497 1465 1535 aliena

60 1569 294 1619 promittere,
317 1572 356 1605 et
375 1567 479 1616 quod
499 1571 624 1604 totum
652 1567 850 1612 amisisset,
871 1566 968 1603 velle
994 1566 1138 1615 partiri.
1196 1566 1316 1616 Leges
1336 1571 1463 1604 autem

60 1653 81 1676 a
118 1637 326 1675 victoribus
364 1636 449 1682 dici,
485 1635 601 1684 accipi
635 1648 656 1672 a
688 1635 808 1672 victis.
867 1635 968 1672 Uter
999 1635 1122 1671 victor
1154 1640 1263 1681 esset,
1299 1635 1330 1672 si
1363 1635 1464 1672 solus

60 1707 254 1755 ignoraret
283 1705 358 1751 ille,
391 1718 505 1753 quam
538 1704 703 1752 primum
733 1703 861 1741 Marte
891 1703 1149 1741 decernerent.
1221 1703 1269 1741 Se
1300 1717 1463 1753 quoque,

59 1788 145 1811 cum
176 1774 357 1811 transiret
381 1786 496 1821 marc,
518 1786 595 1810 non
615 1772 789 1810 Ciliciam
822 1777 889 1810 aut
918 1772 1092 1821 Lydiam,
1114 1773 1214 1810 tanti
1243 1773 1344 1809 enim
1373 1772 1463 1809 belli

59 1844 237 1893 exiguam
267 1843 364 1880 hanc
393 1855 472 1879 esse
502 1841 726 1887 mercedem,
749 1842 816 1878 sed
846 1841 1079 1891 Persepolin,
1102 1846 1213 1890 caput
1244 1842 1350 1890 regni
1371 1842 1460 1887 oiim,

59 1912 197 1948 Bactra
216 1911 354 1948 deinde
383 1915 422 1948 ct
452 1910 648 1947 Ecbatana
677 1910 877 1959 ultimique
898 1910 1055 1947 orientis
1083 1923 1188 1947 oram
1216 1910 1375 1959 imperio
1396 1923 1462 1948 suo

60 1980 280 2017 destinasse.

249 2101 291 2136 E
288 2104 440 2148 gypt.—
453 2100 551 2136 Vz'sit
567 2104 601 2136 lo
620 2100 678 2135 tlte
702 2099 833 2136 Oracle
849 2099 1053 2148 effilpilcr
1067 2100 1270 2136 Hammon.

112 2190 367 2230 207.—P0st
398 2190 529 2239 Tyron
556 2193 707 2239 captam
739 2189 962 2227 Alexander
994 2189 1034 2226 in
1067 2189 1290 2239 Aegyptum
1321 2190 1456 2239 pergit.

60 2260 143 2307 Quo
162 2259 228 2297 ubi
249 2259 406 2296 advenit
426 2271 574 2295 summo
594 2258 722 2295 studio
742 2258 790 2295 ab
804 2258 936 2295 incolis
951 2258 1149 2307 excipitur,
1169 2272 1263 2307 quos
1278 2259 1459 2296 avaritiae

61 2328 335 2378 superbiaeque
364 2328 567 2364 Persarum
596 2326 785 2365 taedebat.
842 2326 978 2376 Neque
1006 2326 1061 2364 ita
1088 2327 1210 2364 multo
1237 2331 1325 2376 post
1356 2327 1460 2364 adire
