1559 2463
87 107 129 131 12
308 97 545 133 SECOND
574 97 760 133 LATJN
780 96 1058 133 READJNG
1085 96 1255 133 BOOK.
1310 93 1430 145 [PART
1451 106 1473 131 1.

80 206 256 243 redactae
275 206 457 244 miseruit.
516 208 652 256 Itaque
671 207 794 257 legem
821 206 912 243 tulit
934 211 977 243 ut
1000 219 1089 256 ager
1106 205 1282 255 publicus
1309 205 1480 255 pauperi-

82 275 152 312 bus
185 275 430 314 divideretur.
489 275 565 313 Sed
599 289 684 313 cum
716 288 850 324 agrum
877 274 1073 324 publicum
1105 273 1324 312 obtinerent
1351 278 1478 323 patres

81 342 328 380 vehementer
372 343 407 380 ei
450 343 649 380 resistitur.
722 342 858 392 Itaque
902 341 989 379 odio
1034 341 1195 386 infensi,
1218 346 1346 391 patres
1390 354 1478 378 eum

80 416 355 449 accusaverunt
387 411 489 461 quod
522 424 565 448 eo
599 410 757 448 consilio
789 410 891 460 plebi
924 410 1078 448 studere
1111 414 1312 448 conaretur
1337 414 1382 447 ut
1408 422 1478 447 rex

79 479 158 529 ipse
178 480 295 518 fieret.
352 480 417 517 Fit
435 480 646 517 tumultus:
675 479 715 516 in
743 479 870 516 forum
898 479 1155 517 concurritur:
1184 479 1265 516 vita
1283 477 1477 527 extemplo

80 549 211 587 Cassio
240 553 370 598 erepta
398 553 466 586 est.
524 548 608 595 Qua
635 548 717 598 lege
747 547 922 597 quamvis
954 561 1089 597 parum
1116 548 1348 585 subventum
1380 550 1481 584 esset

78 617 191 667 plebi,
220 617 313 655 utile
340 616 557 666 exemplum
587 617 684 663 fuit,
712 630 801 654 nam
830 621 963 666 postea
992 621 1032 654 et
1061 616 1155 654 aliae
1178 616 1280 666 leges
1309 615 1478 665 agrariae

78 686 176 723 latae
197 699 292 736 quae
312 699 445 735 agrum
464 685 658 735 publicum
677 685 780 735 plebi
799 685 1028 723 dividerent.

500 861 539 896 T
533 861 576 895 lle
593 861 731 896 Power
746 860 791 907 of
801 860 859 896 tlze
884 861 923 896 T
918 860 1070 895 ribunes.

130 960 360 1000 25.—Cum
380 965 510 998 tantae
530 960 704 1009 patribus
724 973 810 997 cum
829 959 939 1009 plebe
954 959 1236 997 intercederent
1251 958 1475 1004 simultates,

77 1041 200 1078 neque
231 1028 355 1066 adhuc
387 1028 537 1077 inopiae
570 1028 712 1065 civium
745 1028 978 1066 subventum
1011 1032 1120 1073 esset,
1152 1027 1294 1064 maiore
1324 1027 1364 1063 in
1396 1026 1477 1063 dies

78 1097 305 1135 auctoritate
351 1096 497 1134 tribuni
534 1097 684 1134 fiebant.
756 1095 889 1134 Plebei
927 1096 1029 1133 enim
1066 1095 1243 1133 tributim
1281 1094 1478 1132 convocati

78 1165 297 1204 auctoribus
324 1165 490 1203 tribunis
509 1165 557 1203 de
577 1165 654 1202 suis
683 1165 843 1212 iniuriis,
865 1165 1008 1202 frustra
1034 1164 1338 1214 repugnantibus
1365 1163 1479 1213 patri-

76 1235 159 1280 bus,
191 1234 457 1284 querebantur.
521 1233 656 1283 Neque
686 1238 816 1271 tamen
849 1233 973 1271 adhuc
1002 1233 1042 1270 in
1071 1233 1147 1270 suis
1181 1232 1344 1270 comitiis
1376 1232 1478 1282 leges

77 1303 206 1341 iubere
226 1307 414 1352 poterant,
437 1301 504 1339 sed
524 1302 555 1338 si
581 1302 665 1351 quis
685 1315 704 1339 e
724 1302 835 1351 plebe
854 1301 972 1339 latam
1000 1302 1040 1338 in
1060 1301 1223 1338 comitiis
1243 1300 1476 1347 centuriatis,

76 1372 142 1409 ubi
162 1371 370 1420 plurimum
388 1375 568 1420 poterant
595 1375 734 1420 patres,
756 1370 879 1420 legem
899 1370 1090 1417 violasset,
1112 1382 1199 1407 eum
1226 1369 1373 1406 tribuni
1400 1374 1479 1406 tue-

75 1441 216 1478 bantur
235 1453 282 1477 ne
302 1453 378 1489 qua
397 1440 431 1477 ei
451 1453 473 1476 a
491 1439 666 1489 patribus
687 1439 742 1476 vis
763 1439 978 1476 inferretur.
1038 1438 1122 1485 Qua
1143 1451 1191 1475 ex
1210 1451 1250 1475 re
1279 1437 1478 1486 apparebit

77 1509 172 1546 duos
200 1509 239 1545 in
268 1522 345 1546 una
371 1508 527 1545 civitate
556 1508 716 1557 populos
744 1508 948 1546 exstitisse.
1005 1507 1145 1545 Postea
1164 1520 1264 1553 vero,
1287 1506 1478 1543 diminuta

75 1582 228 1625 patrum
247 1576 484 1622 auctoritate,
503 1588 651 1613 summa
669 1581 838 1624 potestas
858 1589 974 1625 penes
994 1575 1094 1612 cives
1109 1576 1148 1612 in
1164 1574 1316 1612 comitia
1331 1574 1478 1611 tributa

75 1651 300 1682 convocatos
319 1644 403 1681 fuit.

615 1780 652 1814 T
646 1779 690 1814 lle
710 1778 933 1813 Decemm'rs.

128 1877 356 1917 26.—Oum
384 1877 439 1914 ita
467 1890 505 1914 se
533 1890 593 1914 res
612 1877 799 1914 haberent
826 1889 870 1913 eo
898 1876 1071 1914 miseriae
1099 1882 1326 1925 perventum
1346 1881 1404 1913 est
1431 1881 1475 1913 ut

75 1947 199 1995 plebei
231 1959 299 1995 pro
337 1945 555 1983 consulibus
592 1945 834 1994 tribunisque
871 1945 1105 1982 decemviros
1141 1944 1369 1994 flagitarent,
1408 1944 1474 1993 qui

74 2015 293 2053 recensione
312 2020 487 2052 veterum
506 2014 633 2063 legum
653 2013 763 2060 facta,
785 2027 904 2050 novas
924 2013 1079 2062 insuper
1104 2013 1320 2059 adiicerent,
1343 2026 1474 2049 omnes

75 2084 115 2121 in
134 2083 276 2121 tabulis
296 2083 454 2132 scriptas
473 2083 513 2119 in
532 2082 684 2132 publico
708 2087 972 2132 proponerent.
1032 2082 1093 2119 Ita
1120 2082 1233 2119 modo
1262 2086 1366 2119 tutos
1394 2081 1475 2118 fore

74 2152 184 2198 cives,
208 2152 239 2189 si
258 2151 492 2189 constitisset
511 2151 570 2188 cui
595 2150 670 2200 legi
690 2164 711 2188 a
730 2163 880 2200 quoque
899 2150 1112 2200 parendum
1140 2155 1248 2187 esset.
1305 2150 1473 2199 Ecquem

73 2234 150 2258 non
169 2220 364 2270 paenitere
384 2219 594 2257 discordiae
614 2225 674 2256 tot
701 2232 820 2257 annos
839 2219 879 2256 in
899 2219 1092 2268 republica
1119 2218 1315 2268 flagrantis
1332 2220 1344 2254 2
1400 2218 1473 2255 His

74 2290 216 2327 frustra
229 2295 356 2338 patres
375 2289 645 2326 adversantur:
668 2288 775 2338 plebs
790 2287 947 2326 tandem
966 2288 1187 2337 impetravit
1206 2292 1250 2324 ut
1269 2287 1474 2324 decemviri

73 2364 301 2396 crearentur.
358 2358 465 2395 Tunc
498 2358 759 2407 promulgatae
790 2362 880 2394 sunt
913 2357 1014 2406 leges
1044 2369 1182 2406 magno
1213 2369 1299 2392 cum
1331 2355 1471 2405 gaudio
