1559 2463
83 96 132 133 54
309 87 548 123 SECOND
574 86 767 122 LATJN
785 86 1065 123 READJNG
1092 86 1262 123 BOOK.
1301 82 1423 135 [PART
1443 95 1484 122 11.

81 211 198 235 naves
217 197 348 234 statim
367 197 565 234 miserunt.
622 197 674 233 Et
702 196 942 234 Eretrienses
972 196 1140 246 quinque
1168 200 1402 245 paraverunt
1420 195 1487 233 ubi

81 266 298 315 percrebuit
317 266 584 312 Athenienses,
608 265 672 314 qui
691 265 900 314 plurimum
919 264 959 301 id
978 264 1163 314 temporis
1182 264 1278 302 mari
1297 269 1485 313 poterant,

82 334 327 384 Aristagorae
360 334 561 371 subvenire
599 333 850 371 constituisse.
908 333 1045 382 Itaque
1076 332 1212 370 Graeci
1244 337 1350 369 trans
1383 345 1486 370 mare

81 402 235 439 Ionium
253 402 354 440 vecti
374 402 519 452 cumssse
540 414 626 438 cum
645 401 853 439 rebellibus
873 400 1173 446 coniunxissent,
1196 400 1334 437 Sardes
1354 400 1487 437 urbem

83 471 414 521 opulentissimam
433 484 481 508 ex
501 470 708 520 improviso
729 470 855 508 adorti
874 470 961 520 igne
982 474 1329 508 concremaverunt.
1378 469 1490 507 Arta-

83 540 247 589 phernes
273 545 402 578 autem
431 540 569 577 coactis
597 539 767 589 undique
788 539 905 589 copiis
933 540 974 577 in
1003 540 1178 586 Graecos,
1201 540 1293 577 dum
1321 539 1370 577 ad
1398 539 1489 577 litus

82 609 254 655 redeunt,
286 609 473 658 impetum
502 609 602 646 fecit.
677 608 930 657 Aliquamdiu
959 622 1044 646 cum
1077 609 1213 647 Graeci
1245 608 1488 654 restitissent,

84 678 207 716 victor
225 678 383 716 tandem
407 678 524 715 Persa
544 677 674 715 evasit.
716 677 780 714 Fit
800 682 944 727 strages
964 677 1217 728 fugientium:
1245 677 1347 727 quod
1368 690 1492 727 super-

84 746 159 784 fuit
178 746 244 784 vix
264 746 312 784 ad
332 759 448 784 naves
469 759 507 783 se
526 746 677 796 recepit.

591 897 666 932 The
684 898 813 933 Battle
827 896 873 942 of
883 897 994 932 Lade.

143 988 389 1028 113.—Cum
435 988 673 1037 aliquamdiu
718 988 901 1026 atrociter
936 991 1150 1037 pugnatum
1197 991 1307 1032 esset,
1355 987 1493 1023 Persae

87 1057 235 1107 magnis
256 1056 480 1105 conscriptis
500 1056 618 1105 copiis
633 1056 750 1093 classe
771 1056 888 1093 etiam
908 1055 1055 1104 ingenti
1076 1059 1295 1104 comparata
1314 1054 1494 1091 Miletum

87 1131 201 1175 caput
220 1125 494 1163 coniurationis
514 1130 616 1162 terra
634 1125 806 1174 marique
835 1124 1079 1162 obsederunt.
1136 1123 1236 1160 Tum
1256 1123 1368 1160 Iones
1387 1136 1494 1171 spem

88 1194 239 1231 unicam
272 1207 352 1231 esse
381 1194 455 1231 rati
494 1194 524 1230 si
562 1207 715 1243 quoquo
752 1193 867 1230 modo
904 1193 1109 1229 Persarum
1144 1192 1301 1229 classem
1337 1196 1495 1240 possent

88 1263 251 1309 vincere,
272 1276 389 1300 naves
409 1262 457 1300 ad
476 1262 609 1300 Laden
630 1262 794 1299 insulam
822 1262 1101 1306 instruxerunt,
1122 1260 1259 1298 ultima
1284 1273 1352 1309 pro
1373 1260 1494 1297 salute

89 1332 295 1382 experturi.
368 1332 443 1369 Sed
475 1345 560 1369 cum
588 1345 718 1381 pugna
749 1331 969 1368 differretur
1000 1330 1113 1368 Iones
1145 1343 1271 1367 morae
1300 1329 1496 1378 poenitere

90 1401 224 1450 coepit.
300 1400 436 1449 Itaque
474 1400 637 1437 navibus
674 1399 816 1436 relictis
849 1399 889 1435 in
927 1403 1067 1436 terram
1101 1397 1340 1435 descendunt
1372 1410 1496 1446 neque

89 1469 207 1506 ullam
244 1469 468 1518 disciplinae
505 1473 572 1506 aut
609 1469 663 1505 rei
700 1468 878 1505 militaris
915 1467 1104 1505 rationem
1141 1466 1338 1504 adhibent.
1394 1465 1498 1503 Dato

91 1538 248 1575 tandem
276 1551 427 1587 pugnae
455 1537 563 1587 signo
592 1537 630 1574 in
660 1550 778 1574 naves
807 1536 1027 1574 ascendunt.
1086 1536 1198 1572 Prius
1226 1539 1354 1572 autem
1383 1548 1497 1584 quam

91 1607 168 1644 ulla
186 1606 244 1643 vis
273 1606 490 1651 inferretur,
513 1605 687 1643 nonnulli
708 1618 727 1642 e
748 1605 857 1642 sociis
885 1604 951 1641 ubi
980 1605 1020 1641 in
1048 1604 1179 1654 fugam
1199 1617 1237 1641 se
1260 1607 1495 1652 receperunt,

91 1680 241 1711 tantum
266 1674 417 1724 pavoris
436 1674 593 1711 Ionibus
613 1673 807 1710 incutiunt
834 1677 878 1710 ut
898 1673 973 1710 iam
993 1686 1031 1710 se
1062 1685 1131 1722 pro
1159 1672 1270 1709 Victis
1297 1671 1494 1709 haberent.

92 1743 254 1780 Devicta
279 1743 417 1780 Ionum
446 1742 562 1780 classe
596 1746 634 1779 et
663 1746 774 1790 capta
803 1741 941 1778 Mileto
969 1741 1009 1777 in
1042 1740 1184 1778 incolas
1215 1740 1403 1777 saevitum
1429 1744 1494 1777 est.

93 1812 148 1849 Eo
168 1811 327 1849 tandem
354 1811 528 1848 miseriae
549 1815 778 1860 perventum
807 1814 865 1847 est
892 1814 936 1846 ut
964 1810 1145 1847 barbaros
1173 1808 1291 1846 cladis
1313 1808 1496 1855 taederet,

93 1881 326 1929 Ionibusque
373 1893 455 1918 sero
501 1879 656 1917 demum
693 1882 922 1928 parceretur,
961 1877 1065 1915 omni
1111 1876 1270 1915 nocendi
1317 1876 1499 1914 facultate

93 1949 280 1999 adempta.

412 2052 450 2087 T
444 2052 486 2086 lle
507 2051 613 2087 First
630 2050 859 2097 Expedition
880 2049 1031 2096 against
1051 2049 1188 2086 Greece.

151 2142 440 2191 [Mb—Neque
456 2146 585 2179 tamen
606 2154 649 2178 ea
669 2141 793 2178 clades
813 2141 932 2178 Dario
951 2140 1149 2185 satisfecit,
1166 2139 1231 2188 qui
1244 2138 1500 2176 Athenienses

95 2210 408 2259 Eretriensesque
427 2209 563 2259 punire
582 2209 737 2246 volebat
756 2208 859 2257 quod
880 2208 1018 2245 Sardes
1038 2208 1126 2257 igne
1149 2211 1496 2245 concremaverunt.

98 2278 234 2326 Itaque
263 2277 421 2315 ducibus
438 2277 514 2314 suis
542 2277 747 2326 imperavit
774 2282 818 2313 ut
846 2289 960 2325 quam
988 2276 1155 2325 primum
1174 2279 1330 2324 possent
1349 2274 1502 2324 expedi-

99 2346 244 2384 tionem
273 2345 455 2383 adversus
484 2345 649 2383 Graecos
679 2345 922 2394 susciperent.
981 2344 1144 2381 Biennio
1171 2343 1289 2393 igitur
1315 2348 1403 2392 post
1421 2356 1503 2391 cap-
