1559 2463
116 62 165 96 80
323 60 561 98 SECOND
588 60 779 97 LATJN
799 60 1075 97 READJNG
1103 60 1271 97 BOOK.
1327 58 1446 110 [PAR'r
1468 70 1506 94 11.

114 170 360 208 monentibus
379 171 536 220 insuper
554 170 818 219 haruspicibus
838 184 886 207 ne
905 175 995 208 ante
1023 175 1201 207 exactum
1229 183 1398 207 mensem
1427 169 1511 206 vela

113 239 266 285 faceret,
287 239 472 288 proficisci
491 238 624 277 noluit.
682 238 817 288 Neque
846 238 1102 288 Syracusanos
1130 237 1267 275 fefellit
1294 237 1443 275 hostem
1471 237 1511 273 in

112 307 243 357 fugam
280 321 318 345 se
355 308 522 357 recipere
560 307 658 345 velle
672 322 682 354 3
718 307 848 356 itaque
877 306 1039 344 navibus
1067 306 1168 356 apud
1196 310 1330 355 portus
1362 305 1510 343 aditum

113 375 310 424 dispositis
359 375 545 424 impedire
596 375 833 413 conabantur
870 388 917 412 ne
955 375 1092 412 Graeci
1125 374 1342 412 evaderent.
1416 374 1511 411 Post

112 444 259 493 aliquot
296 443 389 490 dies,
428 444 604 481 omnibus
634 444 746 481 rebus
774 457 922 481 summo
951 443 1078 481 studio
1106 443 1351 492 praeparatis,
1382 441 1510 479 classis

112 513 362 551 Atheniensis
383 513 541 550 sublatis
561 513 709 550 ancoris
729 513 911 550 adversus
930 513 1059 550 hostes
1087 513 1274 550 instructa
1292 512 1370 549 acie
1389 511 1506 549 vadit.

111 582 210 620 Cum
239 582 473 631 aliquamdiu
501 581 734 619 atrocissime
762 586 975 631 pugnatum
1003 586 1112 628 esset,
1134 581 1225 619 victi
1253 580 1509 618 Athenienses

111 651 272 688 navibus
291 651 331 687 in
350 655 492 688 terram
511 650 718 696 subductis,
734 650 918 688 interiora
929 650 1074 688 insulae
1093 650 1183 700 fuga
1201 654 1347 699 petunt.
1407 649 1510 696 Quos

111 719 339 768 Syracusani
367 719 558 756 consecuti
586 732 764 768 magnam
793 719 946 757 edidere
976 723 1162 769 stragem:
1192 718 1294 768 quod
1323 717 1512 767 superfuit

109 801 178 837 pro
199 789 317 826 servis
336 789 562 826 habuerunt.
620 788 770 826 Niciam
798 801 889 826 vero
909 793 948 826 et
966 788 1266 826 Demosthenem
1293 800 1442 826 veneno
1471 800 1510 824 se

110 856 348 895 interemisse
368 857 460 895 satis
479 860 640 894 constat.

608 1017 644 1052 A
649 1017 752 1051 them
771 1016 811 1051 in
832 1016 998 1061 Danger.

166 1106 479 1146 lea—Interim
509 1107 688 1156 Spartani
726 1106 986 1144 Athenienses
1022 1105 1123 1143 bello
1162 1105 1354 1150 lacessere,
1385 1117 1506 1153 neque

108 1174 273 1210 multum
293 1174 416 1211 abfuit
435 1175 527 1223 quin
546 1175 637 1212 urbs
658 1175 696 1211 in
717 1174 953 1212 deditionem
982 1173 1112 1211 venire
1141 1178 1346 1223 cogeretur.
1405 1171 1505 1208 Nam

107 1241 212 1291 Agis,
243 1255 310 1279 rex
340 1242 626 1291 Spartanorum,
657 1243 870 1280 incursione
903 1242 942 1279 in
980 1242 1134 1280 Atticae
1162 1243 1256 1279 fines
1292 1241 1404 1286 facta,
1442 1239 1506 1277 ubi

107 1310 336 1356 Deceleiam,
367 1310 398 1347 is
435 1311 539 1348 vicus
577 1311 679 1348 haud
716 1311 846 1360 procul
884 1312 931 1349 ab
968 1311 1134 1348 Athenis
1172 1311 1314 1356 aberat,
1354 1313 1507 1346 auctore

106 1378 307 1416 Alcibiade
345 1379 517 1428 cepisset,
548 1380 781 1428 praesidium
819 1379 872 1417 ibi
909 1380 1066 1429 reliquit
1102 1379 1204 1429 quod
1241 1380 1336 1416 fines
1364 1378 1504 1428 passim

107 1447 356 1496 popularetur
374 1448 653 1498 impediretque
682 1461 729 1485 ne
749 1449 829 1498 agri
858 1449 1083 1486 colerentur.
1140 1448 1361 1486 Alcibiades
1389 1447 1504 1485 etiam

106 1529 247 1565 gnarus
266 1516 524 1554 Athenienses
543 1517 737 1555 frumento
758 1517 965 1566 importato
994 1517 1061 1564 uti,
1093 1530 1178 1555 cum
1207 1517 1405 1566 Spartanis
1424 1530 1504 1566 per-

107 1585 287 1622 suasisset
314 1590 358 1622 ut
386 1599 501 1635 quam
529 1585 722 1623 celerrime
759 1599 876 1623 naves
904 1586 1178 1635 comparandas
1207 1591 1393 1631 curarent,
1424 1586 1504 1635 ipse

107 1666 192 1690 cum
211 1653 340 1702 paucis
359 1654 522 1691 navibus
541 1654 735 1703 profectus
754 1654 966 1692 insularum
986 1654 1128 1692 incolas
1148 1654 1350 1692 sollicitare
1379 1654 1504 1703 coepit

105 1726 149 1758 ut
167 1722 216 1759 ab
234 1722 538 1759 Atheniensibus
558 1722 822 1760 desciscerent.
878 1723 949 1760 Cui
969 1736 1054 1760 cum
1074 1723 1248 1760 nonnulli
1276 1723 1503 1772 paruissent,

105 1790 336 1827 verebantur
372 1790 628 1827 Athenienses
656 1804 703 1827 ne
733 1796 966 1828 commeatus
994 1791 1336 1840 interciperentur,
1373 1792 1503 1840 itaque

106 1871 191 1895 cum
206 1871 283 1896 non
298 1859 413 1896 modo
427 1859 631 1908 imperium
648 1859 713 1896 sed
729 1860 845 1897 etiam
862 1859 961 1897 salus
977 1860 1205 1910 reipublicae
1220 1860 1281 1910 agi
1294 1860 1503 1906 videretur,

105 1925 145 1962 in
165 1939 304 1963 novam
324 1927 480 1965 classem
500 1927 724 1965 armandam
744 1941 891 1965 summo
912 1927 1040 1965 studio
1061 1929 1325 1966 incubuerunt.

377 2096 413 2132 A
417 2096 547 2132 lliance
564 2097 718 2133 betwem
740 2097 927 2145 Spartans
944 2098 1025 2133 and
1038 2099 1223 2135 Persmns.

160 2185 412 2224 167.—Dum
425 2186 517 2223 haec
529 2191 714 2236 geruntur
728 2187 1001 2236 Tissaphernes
1014 2187 1139 2234 Persa,
1157 2188 1223 2237 qui
1234 2189 1501 2238 magistratum

101 2253 217 2290 Asiae
253 2254 411 2291 minoris
448 2254 658 2300 obtinebat,
690 2254 867 2292 idoneam
904 2256 1138 2292 occasionem
1175 2260 1291 2302 ratus,
1325 2269 1410 2294 cum
1446 2257 1501 2294 ita

98 2321 213 2358 modo
234 2320 345 2358 Iones
374 2334 462 2358 suae
492 2322 649 2359 ditionis
678 2337 715 2360 se
745 2323 935 2360 facturum
973 2328 1151 2372 speraret,
1184 2324 1214 2361 si
1242 2324 1498 2362 Athenienses
