1559 2463
112 95 156 129 28
336 92 572 128 SECOND
600 91 788 127 LATJN
807 89 1085 126 READJNG
1113 88 1284 125 BOOK.
1340 84 1461 136 [PART
1481 95 1505 122 Ι.

109 222 203 259 quas
222 207 389 246 Romani
417 210 553 244 contra
580 218 668 243 eum
697 205 972 251 defendissent,
1003 203 1148 242 bellum
1175 202 1357 248 inferret3
1396 200 1510 250 capti-

110 291 178 315 vos
198 282 237 315 et
255 275 475 325 transfugas
502 274 704 321 redderet3
734 273 1014 323 quinquaginta
1042 272 1167 310 solum
1194 283 1312 308 naves
1339 270 1508 315 haberet,

108 345 273 394 reliquas
292 343 477 382 Romanis
498 342 607 380 daret
623 357 632 389 3
660 355 728 391 per
747 354 867 379 annos
896 341 1027 378 decem
1047 343 1235 390 quaterna
1258 338 1364 375 milia
1382 336 1511 387 pondo

111 413 260 463 argenti
305 415 527 461 praestaret,
568 409 742 448 obsidem
778 409 890 447 daret
934 409 1055 446 filium
1101 421 1212 445 suum
1256 405 1507 445 Demetrium.

110 482 307 519 Romanus
343 480 459 517 etiam
488 477 799 515 Lacedaemoniis
826 477 958 515 intulit
986 476 1138 515 bellum.
1196 475 1344 513 Ducem
1380 487 1512 512 eorum

108 549 301 588 Nabidem
329 548 433 594 vicit,
455 552 493 585 et
521 547 660 596 quibus
687 546 812 584 voluit
838 546 1125 584 condicionibus
1153 545 1192 582 in
1221 544 1334 582 fidem
1354 543 1509 592 accepit.

111 618 265 669 Ingenti
280 617 401 667 gloria
416 617 529 653 duxit
544 620 633 653 ante
654 628 805 652 currum
821 615 1076 653 nobilissimos
1096 613 1258 660 obsides,
1272 610 1512 649 Demetrium

111 687 282 736 Philippi
302 685 423 722 filium
443 689 482 721 et
502 683 698 720 Armenen
719 683 890 720 Nabidis.
941 683 1080 720 Postea
1099 682 1238 719 Persea
1256 679 1512 717 Macedonum

112 764 251 801 regem,
272 753 338 801 qui
365 752 509 790 bellum
538 756 804 798 renovaverat,
825 751 968 789 devicit
987 751 1028 788 L.
1050 749 1239 788 Aemilius
1267 747 1436 794 Paullus,
1457 751 1512 784 to-

112 826 266 870 tamque
287 821 486 859 Graeciam
506 821 545 858 in
565 820 783 870 provinciae
803 820 966 857 formam
985 819 1143 869 redegit.

576 988 651 1023 The
668 987 838 1023 Romans
857 987 895 1022 7'72
917 985 1046 1033 Spain.

165 1078 380 1118 58.——Hoc
408 1077 487 1115 fere
515 1082 688 1127 tempore
717 1077 902 1114 Romanis
922 1077 1169 1114 vehementer
1196 1076 1445 1113 resistebatur
1465 1074 1512 1111 ab

113 1145 308 1195 Hispanis,
326 1146 392 1194 qui
412 1158 498 1182 cum
517 1145 695 1183 Viriatho
711 1145 806 1183 duce
821 1145 1078 1191 rebellassent,
1096 1158 1173 1182 non
1189 1144 1304 1181 semel
1324 1143 1513 1181 exercitus

113 1215 306 1252 Romanos
334 1214 528 1252 fuderunt.
587 1214 706 1251 Cuius
734 1214 824 1251 belli
854 1227 951 1260 cum,
981 1219 1025 1251 ut
1052 1214 1105 1260 fit,
1137 1214 1331 1251 Romanos
1359 1211 1512 1249 taedere

113 1284 310 1333 coepisset,
332 1283 408 1320 icto
427 1283 589 1330 foedere,
608 1282 842 1332 aliquamdiu
863 1283 969 1332 quies
988 1282 1071 1320 fuit.
1129 1282 1290 1319 Interim
1307 1281 1348 1327 Q.
1372 1280 1514 1329 Caepio

111 1353 192 1390 dux
211 1353 472 1390 Romanorum
492 1365 578 1389 cum
596 1351 794 1389 fortiorem
813 1351 1035 1388 Viriathum
1052 1364 1166 1400 quam
1186 1350 1251 1400 qui
1265 1349 1367 1387 vinci
1387 1353 1515 1398 posset

111 1421 362 1465 existimaret,
401 1420 489 1457 dolo
527 1425 565 1457 et
592 1419 726 1456 fraude
763 1421 821 1456 uti
858 1420 1068 1457 constituit.
1125 1419 1261 1468 Itaque
1307 1418 1430 1456 tribus
1467 1430 1515 1454 ex

114 1490 281 1528 Viriathi
319 1489 512 1527 sodalibus
551 1501 689 1537 magno
727 1488 922 1537 proposito
960 1488 1129 1537 praemio
1170 1488 1289 1524 suasit
1325 1492 1368 1524 ut
1405 1486 1513 1523 illum

112 1558 367 1595 dormientem
411 1557 658 1594 trucidarent.
752 1556 886 1606 Neque
941 1562 1070 1594 tamen
1117 1555 1271 1593 omnino
1325 1554 1515 1603 requievit

114 1627 312 1676 Hispania,
332 1625 520 1663 seditione
537 1625 771 1662 Numantiae
784 1625 889 1662 inita.
931 1625 1035 1672 Quae
1051 1638 1137 1662 cum
1151 1624 1307 1673 reprimi
1323 1623 1511 1672 nequiret,

112 1695 203 1732 urbs
231 1694 439 1732 obsidetur.
496 1693 575 1730 Diu
603 1693 783 1742 utrinque
821 1706 969 1730 summa
1005 1693 1148 1730 virtute
1181 1696 1393 1741 pugnatum
1432 1695 1514 1728 est:

113 1764 213 1801 cives
233 1763 391 1800 tandem
420 1762 547 1811 plures
568 1762 669 1810 iique
697 1762 941 1807 nobilissimi,
970 1762 1075 1799 omni
1103 1761 1213 1798 aditu
1241 1760 1347 1797 urbis
1370 1759 1510 1804 clauso,

113 1846 178 1881 spe
217 1831 351 1869 salutis
397 1831 546 1876 deiecti,
586 1830 686 1867 fame
724 1830 837 1866 simul
875 1829 1001 1867 adacti
1039 1843 1077 1867 se
1114 1829 1186 1878 ipsi
1222 1828 1509 1866 interfecerunt.

112 1899 223 1946 Quod
252 1899 393 1936 civium
423 1903 620 1947 supererat
649 1899 688 1935 in
709 1898 946 1935 deditionem
975 1898 1092 1944 venit,
1114 1903 1152 1934 et
1172 1896 1361 1946 Hispania
1380 1899 1513 1944 pacata

114 1973 181 2005 est.

513 2125 549 2160 T
541 2125 584 2160 lte
605 2124 843 2160 Destruction
862 2123 908 2169 [ff
924 2123 1120 2170 Carthage.

165 2215 389 2255 59.——Post
426 2215 572 2264 aliquot
609 2228 728 2252 annos
775 2215 950 2260 Romani,
979 2215 1093 2251 veriti
1130 2227 1176 2251 ne
1206 2213 1325 2251 Poeni
1362 2213 1512 2250 refectis

113 2283 258 2320 viribus
287 2283 433 2320 cladem
461 2295 569 2320 suam
605 2282 735 2319 ulcisci
763 2288 1002 2328 conarentur,
1040 2282 1274 2319 occasionem
1302 2281 1513 2318 renovandi

111 2351 200 2388 belli
251 2364 431 2400 quaerere
482 2350 772 2388 constituerunt.
871 2350 1006 2399 Itaque
1054 2363 1139 2387 cum
1190 2349 1394 2386 Masinissa
1443 2362 1511 2385 rex
