1559 2463
88 97 110 131 8
315 96 384 131 SE
392 95 424 131 C
429 95 552 132 OND
584 95 761 131 LATJN
786 96 1064 133 READJNG
1092 97 1262 133 BOOK.
1319 94 1438 146 [PART
1459 107 1481 133 1.

87 201 334 250 equitumque
371 201 532 250 profecti
579 201 626 238 ad
663 201 788 239 lacum
833 202 1027 252 Regillum
1066 203 1106 240 in
1143 216 1233 252 agro
1271 202 1485 240 Tusculano

84 269 228 318 agmini
256 269 426 306 hostium
446 274 712 306 occurrerunt:
743 274 781 306 et
801 270 890 319 quia
908 270 1136 320 Tarquinios
1156 283 1236 308 esse
1255 270 1295 307 in
1315 270 1485 308 exercitu

85 337 311 374 Latinorum
340 336 514 374 auditum
543 342 612 383 est,
633 337 811 375 sustineri
838 338 895 376 ira
922 351 999 376 non
1026 338 1154 388 potuit
1181 338 1274 388 quin
1294 339 1486 388 extemplo

87 406 342 455 confligerent.
425 405 526 454 Ergo
572 406 688 442 etiam
724 406 912 455 proelium
957 407 1154 456 aliquanto
1200 420 1314 456 quam
1360 412 1486 445 cetera

86 474 239 524 gravius
259 479 372 523 atque
393 473 557 511 atrocius
576 473 660 510 fuit.
718 473 807 511 Non
828 475 930 512 enim
945 475 1059 513 duces
1079 475 1127 512 ad
1146 475 1353 525 regendam
1371 475 1486 514 modo

87 543 243 580 consilio
276 556 356 579 rem
389 542 539 588 affuere,
574 542 652 587 sed,
683 542 842 580 suismet
872 543 964 593 ipsis
995 544 1216 593 corporibus
1247 544 1485 592 dimicantes,

86 611 270 649 miscuere
291 610 520 648 certamina:
548 624 616 648 nec
637 610 837 660 quisquam
865 625 1064 661 procerum
1092 613 1211 650 ferme
1239 613 1309 650 hac
1337 618 1403 650 aut
1422 613 1488 650 illa

85 693 133 717 ex
152 680 230 717 acie
250 679 330 717 sine
348 679 507 716 vulnere
534 684 686 728 praeter
713 679 941 717 dictatorem
969 681 1187 718 Romanum
1210 681 1382 719 excessit.
1441 682 1487 719 In

87 748 340 794 Postumium,
378 747 501 796 prima
533 748 571 784 in
605 747 682 784 acie
716 761 802 785 suos
835 747 1107 786 adhortantem
1143 749 1486 799 instruentemque,

86 816 316 866 Tarquinius
354 816 561 865 Superbus,
601 829 819 865 quanquam
857 816 933 853 iam
971 822 1096 854 aetate
1142 823 1181 855 et
1221 818 1366 856 viribus
1404 823 1488 855 erat

85 886 247 936 gravior,
282 898 422 934 equum
451 885 614 922 infestus
643 885 820 922 admisit:
858 886 1031 935 ictusque
1060 886 1108 923 ab
1140 886 1268 933 latere,
1302 899 1487 924 concursu

87 967 241 991 suorum
261 959 434 1003 receptus
454 953 494 990 in
513 958 643 990 tutum
663 958 729 992 est.

370 1107 444 1142 The
455 1107 608 1153 gallant
628 1107 751 1142 Deam
771 1106 816 1152 of
826 1119 848 1141 α
870 1108 1017 1142 Roman
1038 1108 1190 1144 Soldzkr.

142 1189 314 1228 17.—Et
333 1188 381 1226 ad
397 1188 558 1226 alterum
578 1201 695 1226 cornu
714 1188 904 1226 Aebutius
923 1189 1106 1238 magister
1124 1189 1297 1238 equitum
1317 1189 1356 1226 in
1377 1189 1486 1227 Octa-

86 1258 191 1295 vium
211 1256 427 1294 Mamilium
455 1256 642 1305 impetum
661 1256 829 1294 dederat.
888 1257 968 1294 Nec
996 1256 1136 1294 fefellit
1164 1257 1321 1295 veniens
1349 1257 1487 1295 Tuscu-

84 1327 215 1365 lanum
235 1326 393 1364 ducem:
422 1330 554 1363 contra
575 1339 688 1374 quem
709 1331 747 1362 et
766 1325 829 1363 ille
850 1326 1016 1363 concitat
1035 1339 1174 1376 equum
1191 1342 1197 1363 z
1226 1331 1409 1376 tantaque
1429 1327 1486 1363 vis

84 1395 233 1433 infestis
261 1394 499 1432 venientium
527 1393 648 1430 hastis
673 1394 757 1439 fuit,
790 1399 833 1430 ut
861 1394 1059 1431 brachium
1084 1394 1254 1433 Aebutio
1283 1395 1486 1433 traiectum

85 1466 145 1512 sit,
163 1464 336 1502 Mamilio
356 1468 488 1513 pectus
507 1476 735 1512 percussum.
779 1463 893 1500 Hunc
908 1463 1063 1512 quidem
1082 1463 1122 1500 in
1143 1463 1347 1501 secundam
1367 1465 1486 1501 aciem

86 1533 216 1571 Latini
234 1545 429 1582 recepere:
459 1531 661 1578 Aebutius,
684 1544 769 1568 cum
798 1531 924 1568 saucio
943 1531 1099 1569 brachio
1119 1537 1248 1569 tenere
1268 1532 1389 1569 telum
1408 1545 1485 1569 non

85 1607 224 1652 posset,
258 1614 386 1651 pugna
422 1600 592 1638 excessit.
652 1600 813 1637 Latinus
846 1599 926 1636 dux
958 1599 1055 1636 nihil
1088 1599 1295 1637 deterritus
1328 1600 1485 1637 vulnere

83 1671 270 1721 proelium
290 1670 364 1707 ciet
376 1684 386 1716 3
415 1674 465 1715 et,
487 1668 575 1718 quia
595 1681 681 1705 suos
701 1668 891 1717 perculsos
919 1668 1087 1714 videbat,
1110 1668 1265 1706 arcessit
1290 1669 1485 1706 cohortem

85 1739 260 1778 exsulum
279 1739 554 1783 Romanorum,
575 1736 635 1774 cui
654 1736 695 1774 L.
719 1736 917 1785 Tarquinii
937 1736 1037 1772 filius
1057 1741 1238 1785 praeerat.
1298 1736 1363 1783 Ea,
1382 1737 1485 1785 quod

84 1809 226 1847 maiore
263 1807 459 1857 pugnabat
496 1806 535 1843 vi
568 1806 615 1843 ob
659 1810 790 1855 erepta
834 1805 935 1842 bona
970 1805 1210 1854 patriamque
1252 1805 1482 1854 ademptam,

83 1890 251 1928 pugnam
287 1888 491 1925 parumper
526 1874 706 1912 restituit.
764 1874 1034 1911 Referentibus
1071 1874 1148 1911 iam
1184 1874 1320 1923 pedem
1357 1874 1403 1911 ab
1441 1888 1485 1911 ea

84 1952 191 1997 parte
220 1944 416 1992 Romanis,
437 1944 489 1982 M.
512 1944 689 1981 Valerius
722 1942 961 1991 conspicatus
993 1942 1158 1980 ferocem
1190 1943 1367 1980 iuvenem
1395 1943 1483 1980 Tar-

84 2016 258 2065 quinium
286 2018 545 2051 ostentantem
574 2026 612 2050 se
640 2012 679 2049 in
707 2011 831 2061 prima
850 2011 1027 2048 exsulum
1055 2012 1143 2057 acie,
1164 2011 1294 2049 subdit
1323 2011 1482 2049 calcaria

84 2097 191 2134 equo,
214 2088 252 2121 et
279 2082 531 2131 Tarquinium
558 2081 697 2118 infesto
717 2079 861 2129 spiculo
889 2079 998 2129 petit.
1055 2079 1285 2129 Tarquinius
1311 2084 1413 2117 retro
1441 2080 1481 2117 in

83 2164 219 2201 agmen
239 2163 394 2187 suorum
412 2149 562 2186 infenso
582 2148 693 2186 cessit
718 2147 828 2184 hosti.
888 2147 1097 2194 Valerium,
1118 2152 1261 2185 temere
1287 2148 1480 2185 invectum

82 2221 122 2257 in
141 2219 317 2257 exsulum
336 2219 465 2263 aciem,
487 2230 534 2254 ex
563 2222 780 2254 transverso
809 2215 966 2264 quidam
993 2215 1150 2253 adortus
1169 2216 1382 2265 transfigit:
1411 2229 1479 2253 nec

82 2289 285 2338 quicquam
305 2287 443 2336 equit-is
462 2286 618 2323 vulnere
647 2298 744 2334 equo
763 2285 970 2331 retardato,
991 2285 1242 2322 moribundus
1270 2285 1477 2331 Romanus

80 2357 298 2395 labentibus
318 2369 430 2405 super
449 2367 584 2404 corpus
605 2354 732 2399 armis,
753 2353 799 2390 ad
820 2358 961 2390 terram
981 2353 1150 2391 defluxit.
