1559 2463
89 80 134 124 76
295 78 532 115 SECOND
560 77 750 113 LATJN
769 75 1047 113 READJNG
1077 75 1250 113 BOOK.
1306 73 1425 125 [PART
1446 85 1487 111 11.

87 185 286 222 hominum
320 184 466 222 animos
501 184 708 221 concitavit
740 188 784 221 ut
811 184 860 221 ab
892 181 1194 220 Atheniensibus
1226 181 1486 220 desciscerent.

87 252 186 290 Tum
215 252 360 299 Cleoni,
390 252 450 290 cui
479 252 690 301 contigerat
716 256 761 289 ut
789 251 997 301 Spartanos
1029 251 1069 287 in
1102 250 1327 300 Sphacteria
1359 262 1490 299 capere

87 326 227 371 posset,
249 321 363 359 datur
381 321 580 371 negotium
600 325 643 357 ut
665 320 835 370 expulsis
856 318 1065 369 Spartanis,
1086 318 1250 356 Thraces
1269 318 1309 355 in
1329 318 1492 356 officium

88 390 293 428 reduceret.
354 390 403 436 Is,
434 393 608 427 conserta
635 388 683 426 ad
713 388 979 438 Amphipolim
1007 387 1098 432 acie,
1128 400 1213 424 cum
1240 387 1399 424 militiae
1426 386 1492 423 im—

88 458 342 509 peritissimus
383 462 492 504 esset,
532 457 706 495 devictus
742 457 782 494 in
819 457 952 506 fugam
993 468 1031 492 se
1069 456 1235 504 recepit:
1281 455 1493 505 fugientem

90 527 199 564 miles
219 526 375 576 quidam
395 527 606 576 Spartanus
626 525 879 563 obtruncavit.
932 523 1014 571 Quo
1030 522 1069 560 in
1085 523 1228 572 proelio
1245 528 1283 562 et
1299 523 1492 569 Brasidae,

91 595 183 633 dum
203 595 378 645 princeps
398 607 567 644 pugnam
587 594 672 640 ciet,
694 593 775 631 vita
794 598 926 642 erepta
945 597 1010 629 est.

624 728 738 763 Peuce
755 727 802 773 of
812 727 963 763 Nileias.

147 811 396 851 157.—Inde
426 825 511 849 cum
540 815 742 860 utramque
771 815 925 859 gentem
953 809 1043 847 belli
1073 809 1268 859 poenitere
1297 808 1494 858 coepisset,

90 885 242 918 mortuo
262 880 417 929 insuper
437 879 590 926 Cleonc,
616 878 681 928 qui
710 883 842 915 auctor
869 877 959 915 belli
988 877 1176 926 imprimis
1204 877 1341 923 fuerat,
1360 876 1496 914 foedus

91 963 135 987 ca
163 949 384 987 condicione
413 949 533 985 ictum
561 952 620 984 est
648 952 691 984 ut
720 946 861 996 captivi
890 951 928 983 et
957 946 987 982 si
1018 959 1092 995 qua
1124 946 1207 983 loca
1240 945 1354 983 armis
1387 950 1497 994 capta

90 1022 229 1063 essent,
270 1017 402 1054 statim
447 1016 769 1053 restituerentur:
817 1014 986 1064 exceptis
1032 1015 1078 1051 iis
1123 1014 1214 1051 locis
1260 1026 1355 1062 quae
1396 1013 1497 1050 ultro

90 1085 395 1123 Atheniensibus
428 1097 551 1133 neque
584 1083 663 1121 ulla
694 1083 732 1120 vi
767 1088 895 1120 coacta
927 1095 966 1120 se
998 1082 1258 1119 tradidissent.
1317 1080 1497 1118 Ceterum

90 1154 182 1191 locis
206 1153 341 1190 ceteris
364 1152 554 1189 restitutis
574 1151 818 1201 Amphipolis
847 1163 964 1200 penes
993 1151 1202 1200 Spartanos
1233 1149 1315 1186 fuit.
1375 1149 1498 1197 Repu-

91 1222 191 1260 tanti
217 1226 347 1259 autem
373 1221 558 1271 quidnam
579 1233 623 1258 eo
643 1220 744 1257 bello
774 1220 824 1256 sit
853 1220 1040 1264 effectum,
1061 1218 1261 1268 apparebit
1290 1218 1498 1267 Spartanos

91 1291 254 1328 multum
276 1289 500 1327 detrimenti
524 1289 723 1338 accepisse,
744 1288 942 1326 dedecoris
970 1288 1085 1325 etiam
1116 1286 1303 1332 nonnihil,
1328 1291 1386 1323 tot
1406 1286 1497 1322 viris

91 1361 131 1397 in
153 1360 377 1410 Sphacteria
403 1359 534 1408 captis,
558 1357 861 1395 Atheniensibus
890 1362 1018 1394 autem
1048 1369 1183 1405 parum
1209 1355 1378 1393 nocitum
1405 1367 1495 1400 esse,

93 1441 179 1465 cum
207 1428 337 1465 hostes
369 1440 447 1464 non
479 1426 595 1464 semel
625 1426 798 1471 vicerint,
828 1431 866 1463 et
895 1426 925 1462 si
954 1438 1069 1474 quam
1097 1424 1243 1462 cladem
1272 1423 1496 1472 acceperint,

92 1510 175 1534 eam
195 1497 265 1534 Dis
284 1497 527 1546 potissimum
547 1494 835 1532 attribuendam
855 1507 945 1540 esse,
965 1494 1029 1543 qui
1050 1494 1182 1531 morbo
1202 1498 1261 1530 tot
1281 1493 1497 1530 hominibus

95 1565 254 1602 viduare
273 1565 405 1601 urbem
427 1563 629 1601 voluerint.

440 1705 649 1741 Alcibiades
667 1705 749 1740 and
763 1704 822 1740 tlte
840 1704 876 1739 A
882 1703 980 1750 rgive
1000 1703 1153 1750 League.

151 1790 440 1838 158.——Neque
456 1793 585 1826 tamen
601 1801 645 1825 ea
659 1801 735 1837 pax
751 1787 928 1824 omnibus
943 1799 1065 1835 neque
1082 1786 1184 1823 inter
1198 1785 1290 1822 alios
1306 1784 1499 1822 Alcibiadi

94 1859 199 1897 cordi
233 1864 323 1896 erat.
383 1859 421 1895 Is
454 1857 573 1894 nobili
607 1857 725 1905 stirpe
755 1855 950 1901 oriundus,
980 1855 1039 1892 vir
1067 1855 1181 1892 alieni
1215 1858 1408 1903 appetens,
1440 1854 1498 1890 sui

94 1927 282 1977 profusus
323 1926 425 1964 idem
463 1926 719 1963 coercentium
756 1924 972 1974 impatiens,
1010 1928 1054 1961 ut
1090 1923 1218 1961 omnia
1255 1935 1350 1971 quae
1383 1922 1499 1959 vellet

95 1996 233 2045 spretis
260 1995 407 2045 legibus
435 1994 610 2039 faciebat,
632 1994 687 2031 ita
713 1993 858 2030 civibus
887 2006 954 2029 sua
980 1991 1136 2029 consilia
1155 1991 1314 2040 probare
1334 1994 1494 2039 poterat.

95 2065 167 2102 Cui
204 2064 271 2101 ubi
307 2063 484 2112 apparuit
516 2061 720 2099 nonnullas
757 2061 1123 2110 Peloponnesiorum
1160 2059 1334 2096 civitates
1367 2059 1497 2108 iugum

96 2134 372 2182 Spartanorum
400 2144 510 2181 aegre
530 2131 697 2169 ferentes
726 2131 845 2168 socios
869 2143 907 2167 se
930 2129 1085 2178 Argivis
1114 2127 1332 2176 adiungere,
1353 2127 1497 2164 civibus

95 2202 283 2251 persuasit
319 2201 377 2238 uti
415 2213 500 2237 cum
538 2199 694 2249 Argivis
730 2198 866 2236 foedus
903 2198 1056 2235 icerent.
1114 2196 1210 2233 Mox
1242 2195 1497 2232 Athenienses

95 2284 179 2308 cum
208 2270 283 2306 illis
312 2269 352 2306 in
382 2268 586 2306 Arcadiam
614 2268 681 2305 ubi
708 2267 964 2304 incursionem
992 2266 1166 2302 fecerunt
1184 2277 1206 2301 a
1226 2264 1423 2313 Spartanis
1449 2263 1497 2300 ad

98 2338 336 2375 Mantineam
382 2337 457 2374 fusi
503 2337 701 2386 fugatique
739 2340 836 2373 sunt.
914 2334 997 2381 Quo
1036 2334 1074 2370 in
1111 2333 1255 2382 proelio
1292 2332 1388 2380 Agis
1428 2344 1496 2368 rex
