1559 2463
56 57 160 84 PART
182 47 238 99 11.]
437 50 702 86 HISTORY
729 50 805 86 OF
829 51 1078 87 GREECE.
1412 62 1458 98 59

57 153 198 203 Tempe
230 155 367 193 missus
400 161 467 193 est.
527 156 610 203 Quo
643 156 709 193 ubi
746 162 974 205 perventum
1008 161 1077 203 est,
1110 157 1258 194 ratione
1291 157 1461 194 locorum

54 222 199 269 habita,
236 224 394 262 minime
431 225 545 262 duces
587 224 723 262 fefellit
761 238 799 262 se
845 238 867 262 a
913 224 1039 262 Persis
1076 225 1379 262 circumventum
1415 225 1462 262 iri

54 303 140 328 cum
168 291 271 329 aliud
291 298 391 330 esset
409 293 491 339 iter,
514 293 617 343 quod
637 293 841 330 defendere
861 306 938 330 non
957 299 1123 342 possent.
1180 294 1318 343 ltaque
1347 307 1461 343 quam

54 359 246 398 celerrime
266 361 314 398 ad
334 361 527 399 Isthmum
546 361 730 399 redeunt:
760 362 861 411 apud
881 361 1024 411 Tempe
1044 362 1170 399 resisti
1186 362 1311 399 Persis
1326 375 1462 411 parum

53 440 163 476 posse
202 429 351 476 docent,
392 443 477 468 cum
523 430 598 468 duo
637 430 777 468 itinera
814 443 882 479 per
917 436 1068 468 montes
1104 436 1254 468 essent:
1300 430 1462 480 proinde

53 503 232 546 caperent
252 499 452 536 consilium
468 512 586 546 senes,
605 499 698 549 quid
713 499 932 537 faciendum
952 505 1060 537 esset.
1120 500 1232 546 Quod
1252 500 1283 537 si
1303 499 1463 537 idoneus

53 565 157 603 locus
185 567 350 604 inveniri
377 573 518 617 posset,
549 568 707 606 minime
727 581 765 605 se
794 581 962 618 pugnam
991 568 1204 606 detrectare
1233 568 1352 606 velle:
1383 581 1463 606 esse

54 633 155 671 enim
173 640 327 684 paratos
346 636 395 673 ad
415 642 588 673 extrema
607 650 676 686 pro
692 636 839 686 patriae
860 636 980 673 salute
1002 636 1245 686 experienda.

405 772 481 807 lee
499 772 634 807 Result
651 771 695 818 (ff
708 771 805 806 their
822 771 1108 807 Delz'bcralions.

112 862 372 908 123.—Quae
412 875 498 899 cum
536 862 591 899 ita
624 867 761 907 essent,
789 861 954 907 senibus,
989 866 1167 898 naturam
1195 861 1364 899 locorum
1396 873 1465 910 per

55 943 149 979 quos
177 930 250 967 iter
270 944 291 968 a
319 931 448 968 Persis
467 930 687 968 faciendum
707 936 806 968 esset
834 930 1162 979 percontantibus,
1183 929 1309 967 visum
1338 934 1396 967 est
1416 929 1464 966 ad

54 998 330 1048 Thermopylas
349 999 452 1037 hosti
471 999 657 1037 resistere.
708 999 910 1048 Nusquam
931 999 1033 1036 enim
1053 999 1193 1036 itinera
1211 1012 1279 1047 per
1306 998 1466 1036 Thessa-

53 1066 145 1104 liam
173 1067 352 1105 ducentia
384 1081 452 1118 per
484 1069 680 1118 angustias
713 1068 956 1105 transibant:
986 1081 1072 1105 cum
1105 1072 1235 1105 autem
1268 1068 1317 1105 ad
1349 1067 1466 1105 Ther-

55 1135 227 1185 mopylas
264 1137 496 1185 perveneris,
531 1137 643 1174 unica
675 1136 738 1174 via
770 1150 838 1185 per
870 1136 998 1174 fauces
1031 1136 1168 1186 pergit,
1203 1149 1277 1185 quo
1310 1136 1350 1173 in
1383 1136 1466 1173 loco

55 1204 324 1241 brevissimum
370 1205 472 1242 inter
516 1210 668 1242 montes
715 1210 754 1242 et
800 1218 904 1242 mare
952 1204 1159 1242 intercedit
1204 1203 1460 1242 intervallum.

54 1273 193 1321 Itaque
239 1273 431 1311 Leonidas
477 1287 546 1311 rex
592 1273 870 1323 Spartanorum
918 1287 1003 1311 cum
1051 1273 1224 1311 exercitu
1270 1273 1465 1323 angustias

57 1347 228 1390 occupat,
259 1342 351 1379 dato
381 1342 493 1379 simul
522 1342 677 1392 negotio
715 1342 877 1379 ducibus
910 1342 976 1391 qui
1015 1342 1126 1379 classi
1163 1346 1379 1391 praeerant,
1410 1342 1467 1379 uti

58 1409 160 1458 quod
217 1411 333 1447 maris
392 1410 494 1448 inter
544 1410 742 1448 Euboeam
793 1415 832 1447 et
883 1411 1147 1448 continentem
1211 1410 1468 1447 intercederet

58 1478 222 1516 navibus
260 1479 496 1525 obtinerent,
543 1492 591 1516 ne
629 1479 746 1517 classe
793 1480 999 1517 Persarum
1037 1484 1301 1528 praetervecta
1337 1479 1467 1528 copiae

57 1551 342 1595 exponerentur
371 1553 409 1584 et
447 1548 486 1584 in
525 1547 690 1585 Graecos
720 1561 741 1584 a
770 1552 877 1597 tergo
906 1547 1073 1596 impetus
1101 1548 1219 1585 fieret,
1277 1547 1469 1584 Leonidas

56 1620 185 1652 autem
205 1615 381 1653 semitam
409 1629 478 1665 per
496 1621 649 1654 montes
676 1630 755 1654 esse
777 1617 916 1654 certior
935 1617 1071 1661 factus,
1094 1616 1283 1654 sociorum
1310 1629 1467 1654 manum

58 1697 209 1721 servare
230 1697 314 1721 eam
334 1684 458 1730 iussit,
479 1684 560 1734 ipse
580 1698 667 1722 cum
687 1685 844 1734 reliquis
864 1685 983 1734 copiis
1011 1685 1051 1722 in
1080 1685 1266 1735 angustiis
1286 1684 1469 1722 adversus

57 1752 207 1789 hostem
227 1753 487 1790 dimicaturus.

480 1889 518 1923 T
513 1888 557 1924 lle
574 1889 701 1924 Battle
721 1888 765 1935 of
781 1889 1055 1934 Thermopylae.

115 1979 414 2016 124.—Persae
442 1992 546 2025 vero,
574 1979 642 2016 ubi
670 1978 827 2016 tandem
861 1978 909 2015 ad
943 1977 1139 2027 angustias
1171 1990 1370 2025 accessere,
1400 1991 1468 2027 per

59 2047 318 2096 (piatriduum,
351 2047 484 2084 castris
517 2048 557 2084 in
589 2047 750 2096 planitie
784 2048 930 2097 positis,
966 2060 1099 2096 segnes
1132 2046 1354 2093 manebant,
1388 2047 1467 2084 sive

60 2115 261 2153 cohibente
281 2120 389 2152 metu
409 2116 488 2153 sive
509 2116 674 2154 Graecos
695 2117 776 2154 sine
795 2130 923 2166 pugna
939 2115 1169 2153 discessuros
1192 2115 1277 2152 rati.
1334 2115 1390 2152 Ea
1408 2128 1467 2152 res

59 2184 301 2233 potissimum
331 2184 376 2221 iis
406 2184 700 2222 admirationem
729 2185 909 2222 movebat
929 2183 1032 2234 quod
1062 2184 1271 2233 Spartanos
1301 2197 1338 2221 se
1367 2184 1468 2221 ludis

59 2253 306 2302 gymnasticis
329 2259 548 2291 exercentes
577 2254 807 2303 capillosque
836 2253 1042 2302 promissos
1071 2266 1119 2290 ex
1147 2266 1251 2290 more
1272 2257 1467 2301 pectentes

59 2321 227 2358 animum
248 2322 510 2360 advertebant.
563 2323 706 2369 Quinto
720 2323 877 2360 tandem
893 2322 953 2360 die
971 2323 1080 2372 signo
1097 2322 1187 2359 dato
1203 2322 1242 2358 in
1259 2322 1468 2371 Spartanos
