1559 2463
96 43 296 94 PART111.]
415 42 785 79 ALEXANDER
818 40 935 75 THE
968 39 1173 76 GREAT
1427 46 1493 82 117

93 159 253 204 pectunt
279 154 428 203 saepius
456 166 570 203 quam
599 151 785 190 tondent:
814 155 988 188 mentum
1017 162 1165 198 semper
1192 149 1389 186 intonsum
1417 153 1498 195 est5

92 223 278 273 reliquam
298 223 373 261 oris
394 226 520 260 cutem
539 221 588 259 ad
608 220 769 270 speciem
789 219 958 257 levitatis
978 222 1202 267 exaequant.

483 365 559 401 lee
578 364 740 409 Luxmy
759 361 804 409 (ff
815 361 958 397 Indiam
979 360 1109 406 Kings‚

144 448 404 488 239.—Cum
436 460 504 485 rex
537 451 657 484 semet
690 446 729 483 in
758 445 910 494 publico
943 443 1109 492 conspici
1142 442 1297 492 patitur,
1331 440 1499 479 turibula

91 522 272 567 argentea
316 516 483 554 ministri
528 516 670 563 ferunt,
709 518 910 562 totumque
948 513 1022 550 iter
1067 511 1249 549 odoribus
1291 509 1498 559 complent.

91 587 219 624 Aurea
247 586 390 633 lectica,
419 585 636 635 margaritis
664 582 1077 633 circumpendentibus,
1106 581 1286 619 recubat:
1316 579 1498 617 distincta

91 660 181 692 sunt
200 668 291 693 auro
311 659 350 692 et
368 667 538 704 purpura
556 653 711 691 carbasa
730 665 827 701 quae
856 651 1015 688 indutus
1036 655 1092 688 est
1108 666 1114 687 ε
1143 649 1318 687 lecticam
1338 661 1499 698 sequun-

90 729 154 761 tur
173 724 310 761 armati
326 723 569 772 corporiscple
585 721 772 767 custodes,
791 721 892 757 inter
911 733 1005 769 quos
1020 720 1060 756 in
1075 719 1190 756 ramis
1210 731 1298 756 aves
1313 717 1496 767 pendent,

90 806 183 842 quas
217 797 330 830 cantu
364 792 471 829 seriis
504 792 618 829 rebus
652 791 870 839 obstrepere
908 789 1128 826 docuerunt.
1188 787 1310 837 Regia
1346 791 1498 824 auratas

90 861 283 898 columnas
303 861 440 898 habet:
470 865 572 898 totas
592 873 654 897 eas
674 859 764 897 vitis
785 871 876 896 auro
897 858 1041 895 caelata
1060 856 1257 907 percurrit,
1280 856 1496 904 aviumque,

90 943 250 979 quarum
296 930 380 966 visu
426 929 592 966 maxime
629 927 809 978 gaudent,
849 932 1052 976 argenteae
1097 925 1238 974 effigies
1275 937 1390 974 opera
1427 924 1499 961 dis-

88 999 280 1048 tinguunt.
339 999 459 1048 Regia
479 998 709 1036 adeuntibus
728 1000 846 1046 patet,
869 1009 955 1033 cum
974 1008 1042 1032 rex
1062 994 1217 1044 capillos
1243 993 1363 1043 pectit
1382 997 1497 1042 atque

90 1072 222 1104 ornat:
253 1071 343 1104 tunc
370 1080 551 1116 responsa
578 1065 847 1115 legationibus,
869 1069 960 1101 tunc
981 1064 1062 1100 iura
1088 1062 1336 1112 popularibus
1356 1061 1494 1099 reddit.

89 1135 266 1184 Demptis
304 1135 426 1181 soleis,
456 1135 637 1172 odoribus
674 1134 878 1171 illinuntur
914 1133 1038 1182 pedes,
1097 1131 1270 1169 Venatus
1307 1126 1513 1168 maximus

88 1204 197 1242 labor
229 1208 296 1251 est,
332 1204 478 1241 inclusa
509 1203 691 1240 animalia
722 1203 823 1240 inter
856 1207 947 1240 vota
974 1206 1183 1251 cantusque
1216 1204 1497 1238 assentatorum

89 1276 211 1322 figere.
270 1272 455 1310 Breviora
474 1273 613 1310 itinera
634 1285 731 1321 equo
751 1272 925 1309 conficit:
957 1271 1106 1320 longior
1124 1271 1191 1308 ubi
1211 1269 1406 1320 expeditio
1427 1274 1495 1315 est,

88 1341 281 1390 elephanti
312 1341 460 1378 vehunt
493 1354 657 1388 currum,
693 1346 731 1378 et
761 1346 956 1378 tantarum
989 1340 1188 1377 beluarum
1221 1351 1378 1387 corpora
1415 1342 1498 1374 tota

88 1414 298 1459 contegunt
317 1423 418 1447 auro.

569 1529 736 1566 Castoms
756 1528 837 1564 and
852 1528 1016 1563 Seasons.

139 1620 401 1667 24o.—Quis
438 1619 568 1658 credat
600 1620 701 1658 inter
732 1619 824 1657 haec
857 1619 952 1657 vitia
985 1632 1113 1656 curam
1146 1631 1226 1655 esse
1259 1617 1495 1667 sapientiae‘l

88 1688 220 1725 Unum
249 1693 398 1737 agreste
428 1693 466 1726 et
498 1689 698 1726 horridum
735 1702 855 1739 genus
886 1693 953 1734 est,
989 1701 1084 1737 quos
1122 1688 1312 1737 sapientes
1343 1691 1493 1723 vocant.

87 1757 204 1806 Apud
232 1757 301 1795 hos
330 1770 512 1807 occupare
540 1757 610 1795 fati
640 1757 741 1795 diem
763 1757 978 1807 pulchrum,
999 1762 1037 1794 et
1066 1757 1174 1794 vivos
1203 1769 1241 1793 se
1266 1755 1424 1792 cremari
1444 1754 1496 1790 iu-

87 1827 189 1873 bent,
224 1827 363 1876 quibus
400 1831 466 1865 aut
503 1827 629 1877 segnis
666 1832 770 1864 aetas
811 1831 878 1864 aut
916 1826 1159 1864 incommoda
1195 1824 1376 1863 valetudo
1415 1828 1494 1861 est:

88 1899 329 1944 expectatam
374 1899 538 1932 mortem
573 1908 642 1944 pro
680 1894 864 1932 dedecore
908 1895 1011 1932 vitae
1048 1895 1201 1932 habent.
1278 1893 1359 1930 Nec
1396 1892 1496 1929 ullus

88 1964 317 2012 corporibus,
358 1976 454 2012 quae
501 1969 674 2001 senectus
721 1963 847 2010 solvit,
895 1964 1016 2001 honos
1054 1963 1255 2000 redditur:
1303 1961 1496 2010 inquinari

88 2036 228 2081 putant
264 2032 394 2082 ignem
431 2033 504 2070 nisi
537 2033 603 2082 qui
636 2033 825 2082 spirantes
857 2033 1009 2082 recepit.
1069 2032 1132 2069 Illi
1164 2032 1229 2081 qui
1259 2032 1300 2068 in
1337 2031 1496 2068 urbibus

88 2100 249 2150 publicis
279 2101 454 2138 moribus>
469 2101 625 2151 degunt,
648 2101 816 2139 siderum
845 2106 972 2138 motus
1001 2101 1092 2138 scite
1121 2105 1290 2149 spectare
1317 2099 1498 2136 dicuntur

87 2174 125 2206 et
139 2169 269 2206 futura
283 2169 510 2218 praedicere.
559 2170 640 2207 Nec
656 2183 874 2219 quenquam
895 2170 1098 2207 admovere
1117 2169 1185 2206 leti
1205 2168 1307 2205 diem
1323 2167 1493 2213 credunt,

87 2239 145 2275 cui
180 2244 399 2287 exspectare
432 2239 608 2276 interrito
642 2238 761 2276 liceat.
833 2239 936 2276 Deos
966 2243 1117 2287 putant,
1156 2237 1338 2287 quicquid
1375 2237 1496 2274 colere

89 2310 306 2355 coeperunt,
330 2306 482 2343 arbores
501 2307 678 2352 maxime,
701 2319 795 2355 quas
823 2306 966 2344 violare
995 2305 1132 2355 capital
1159 2311 1227 2343 est.
1284 2305 1437 2342 Menses
1457 2305 1494 2341 in
