1559 2463
40 66 141 92 PART
163 54 204 106 1.]
452 56 713 93 HISTORY
740 57 816 93 OF
835 56 1015 93 ROME.
1390 69 1434 104 29

37 162 255 209 Numidiae,
284 162 386 200 idem
415 163 539 200 socius
567 162 840 207 Romanorum,
870 162 1010 200 Poenis
1047 162 1190 200 bellum
1218 163 1434 209 indixisset,

34 230 198 268 Romani
226 231 371 280 legatos
400 230 673 281 Carthaginem
700 231 888 268 miserunt
907 231 972 280 qui
1001 231 1152 268 obsides
1188 231 1432 281 imperarent,

33 312 139 337 arma
167 301 295 338 omnia
313 300 416 338 tradi
444 300 627 338 iuberent.
687 299 834 347 Quibus
863 301 1149 339 condicionibus
1169 315 1255 339 cum
1274 302 1435 351 professi

32 373 159 405 essent
195 368 316 406 Poeni
362 369 693 418 obtemperaturos
738 381 829 415 sese,
870 374 1024 406 senatus
1068 370 1264 419 rescripsit
1299 370 1433 407 urbem

33 436 306 487 Carthaginem
334 437 571 483 diruendam,
602 450 741 474 novam
769 437 901 474 decem
937 437 1044 475 milia
1074 451 1255 487 passuum
1285 451 1306 475 a
1338 438 1434 475 mari

31 505 314 543 aedificandam.
373 506 410 543 N
414 506 616 555 egantibus
631 505 774 543 bellum
793 505 981 543 indictum
1001 511 1068 544 est.
1126 506 1223 544 Inde
1240 506 1433 556 Carthago

31 586 100 622 per
144 574 354 611 triennium
400 575 552 612 obsessa
597 588 618 612 a
664 574 842 624 Scipione
882 575 920 612 vi
967 580 1233 625 expugnatur:
1279 576 1433 613 incensa

31 641 213 689 aedificia,
243 643 394 680 moenia
427 643 506 681 solo
543 648 706 693 aequata
742 648 840 680 sunt.
900 643 1155 692 Triumphum
1184 643 1312 693 Scipio
1341 644 1429 694 egit,

30 711 94 760 qui
115 716 154 748 et
181 712 260 761 ipse
288 725 428 749 nomen
456 712 596 749 meruit
624 711 727 762 quod
756 725 849 749 avus
878 712 958 749 eius
987 717 1195 762 acceperat,
1217 713 1360 750 scilieet
1388 717 1432 750 ut

29 785 186 829 propter
204 780 388 818 virtutem
408 781 613 818 Africanus
632 786 845 819 vocaretur.

444 948 579 984 Result
595 947 640 993 of
651 948 710 984 tlze
728 948 851 983 Punic
879 949 996 984 Wars.

81 1039 346 1078 esa—Finito
375 1039 522 1076 Punico
561 1039 661 1076 bello
700 1052 785 1076 cum
815 1039 981 1076 Romani
1017 1039 1283 1088 imperitarent
1319 1039 1429 1077 Italis

26 1107 182 1145 Graecis
202 1107 398 1156 Hispanis,
420 1120 567 1145 necnon
588 1107 634 1144 iis
654 1108 719 1156 qui
739 1108 779 1144 in
798 1107 895 1144 Asia
922 1112 960 1144 et
980 1107 1112 1144 Africa
1131 1107 1234 1145 haud
1254 1107 1387 1157 procul
1407 1122 1429 1145 a

26 1175 121 1213 mari
157 1175 390 1221 habitarent,
420 1189 525 1213 mare
571 1175 900 1213 Mediterraneum
947 1175 1060 1221 lacus,
1109 1180 1153 1212 ut
1189 1176 1244 1213 ita
1290 1176 1426 1222 dicam,

25 1244 221 1282 Romanus
241 1250 299 1282 est
326 1245 460 1282 factus.
515 1245 650 1294 Itaque
678 1258 764 1282 cum
793 1244 913 1282 maior
933 1243 1129 1282 videretur
1165 1244 1427 1283 Romanorum

24 1318 194 1362 potestas
240 1326 355 1362 quam
410 1313 470 1350 cui
514 1313 641 1350 resisti
687 1318 827 1363 posset,
870 1313 993 1350 victae
1039 1318 1174 1362 gentes
1219 1314 1259 1350 in
1305 1315 1426 1352 officio

23 1381 246 1431 plerumque
274 1382 493 1429 manebant,
524 1382 603 1419 sive
631 1382 672 1419 in
699 1382 917 1431 provinciae
937 1381 1101 1419 formam
1128 1381 1314 1428 redactae,
1346 1383 1426 1421 sive

24 1450 148 1488 adhuc
177 1451 255 1488 suis
283 1451 436 1501 regibus
464 1451 587 1501 specie
615 1457 805 1501 parentes,
835 1450 1019 1488 Romanis
1039 1451 1265 1489 servitutem
1292 1465 1426 1490 revera

22 1520 241 1558 servientes.
274 1520 369 1557 Inde
388 1520 543 1557 nonnisi
561 1520 743 1558 adversus
759 1520 910 1570 ignotas
924 1532 1136 1569 parumque
1149 1520 1279 1558 civiles
1291 1527 1425 1571 gentes

21 1588 121 1626 bella
139 1588 220 1638 geri
249 1594 382 1638 coepta
411 1594 512 1634 sunt,
533 1589 671 1638 quibus
690 1602 759 1639 pro
778 1594 822 1626 ut
846 1588 1109 1634 vincebantur,
1130 1589 1213 1626 iura
1232 1589 1421 1637 instituta,

22 1657 120 1694 ratio
140 1657 305 1706 denique
325 1657 428 1695 vitae
447 1657 684 1696 humanioris
703 1658 847 1696 tradita
868 1663 934 1697 est.

463 1817 588 1853 Secia!
610 1817 776 1864 Clzanges
794 1823 837 1853 at
852 1819 978 1855 Rome.

73 1905 316 1945 61.—Haud
353 1907 492 1943 mirum
524 1907 729 1954 videbitur,
764 1914 824 1946 tot
861 1910 1056 1959 tantisque
1093 1911 1206 1948 rebus
1242 1924 1422 1961 prospere

19 1974 149 2024 gestis,
169 1975 357 2012 victorum
386 1988 511 2013 mores
538 1981 708 2014 mutatos
736 1990 825 2015 esse.
884 1978 1019 2028 Neque
1039 1979 1142 2016 enim
1170 1979 1209 2016 id
1237 1981 1423 2029 temporis

19 2043 279 2092 imperatores,
300 2048 344 2080 ut
363 2049 484 2090 antea,
503 2058 687 2094 pauperes
707 2045 779 2083 viri
795 2051 914 2092 erant,
933 2047 998 2096 qui
1018 2047 1171 2085 nonnisi
1190 2048 1421 2086 imminenti—

18 2112 89 2149 bus
124 2112 354 2161 reipublicae
391 2113 567 2162 periculis
608 2115 811 2152 sumebant
848 2129 965 2163 arma,
1003 2121 1042 2153 et
1083 2116 1273 2155 debellato
1309 2117 1421 2156 hoste

17 2180 223 2229 ponebant,
263 2180 329 2218 sed
365 2181 551 2230 primores
589 2183 768 2229 civitatis,
803 2188 930 2232 spreta
967 2197 1146 2234 agrorum
1183 2185 1342 2231 cultura,
1381 2187 1420 2223 in

16 2247 160 2285 bellum
179 2248 389 2297 gerendum
404 2254 471 2286 aut
486 2249 606 2287 officia
621 2250 773 2299 publica
788 2251 1032 2301 exsequenda
1046 2252 1120 2290 toti
1135 2253 1418 2292 incumbebant,

17 2316 140 2354 Simul
159 2316 301 2354 multae
317 2330 376 2355 res
394 2331 550 2368 peregre
566 2319 778 2368 exquisitae
791 2320 950 2370 vulgari,
969 2326 1008 2358 et
1023 2326 1124 2359 artes
1144 2321 1422 2372 disciplinaque
