1559 2463
81 60 183 85 PART
203 47 245 99 1.]
494 49 713 85 HJSTOR
728 49 763 83 Y
787 49 863 84 OF
881 47 1063 84 ROME.
1433 59 1477 93 23

77 164 225 197 ceretur
244 172 348 197 sacra
367 159 425 196 dis
444 159 547 206 facit,
565 158 718 208 filioque
740 172 807 195 suo
830 158 1059 203 Hannibale,
1077 158 1141 207 qui
1170 171 1308 195 novem
1328 162 1481 194 tantum

78 241 198 266 annos
234 233 347 266 natus
385 233 476 272 erat,
512 227 710 273 advocato,
746 227 850 264 Num
888 227 935 264 ad
973 226 1127 271 bellum,
1162 226 1298 275 inquit,
1333 239 1481 263 mecum

78 297 134 333 vis
167 297 251 334 ire?
306 296 451 334 Contra
478 309 597 345 puer:
637 295 773 333 Etiam.
842 295 941 332 Tum
971 300 1090 344 pater,
1122 294 1223 341 Quin
1254 299 1307 339 tu,
1342 293 1479 343 inquit,

77 377 145 413 per
176 364 274 401 hanc
303 377 407 401 aram
435 364 519 400 iura
546 376 741 412 nunquam
774 368 812 400 te
842 362 973 412 populi
1003 362 1168 399 Romani
1196 362 1359 399 amicum
1387 361 1479 398 fore.

79 432 162 479 Quo
183 431 426 469 iureiurando
455 431 612 468 adactus
640 444 734 480 puer
762 436 911 480 patrem
940 430 1145 467 comitatus
1174 434 1242 475 est,
1264 429 1322 466 cui
1349 433 1482 478 postea

78 500 278 537 demortuo
320 499 508 538 successit.
580 499 743 536 Interim
786 498 951 535 Romani
996 498 1128 535 Gallos
1178 498 1301 534 vicere
1339 497 1405 546 qui
1441 497 1481 533 in

78 568 230 605 Italiam
260 569 448 617 impetum
476 568 656 613 fecerant,
680 573 718 604 et
750 567 886 604 foedus
919 580 1004 604 cum
1035 566 1174 603 Poenis
1195 567 1314 603 fecere
1335 578 1378 602 ea
1398 577 1482 602 con-

79 637 227 674 dicione
247 649 294 674 ne
315 637 469 673 Iberum
489 636 630 672 flumen
651 636 872 672 transirent.

379 807 418 842 T
412 807 456 841 lze
479 806 612 853 Omgrsn
633 805 678 851 os
689 806 748 841 tlze
767 805 907 842 Second
924 804 1046 840 Punic
1075 805 1174 840 War.

130 897 541 947 47.—-Duodeviginti
587 897 697 934 annis
742 902 829 946 post
875 897 991 933 finem
1036 896 1151 944 primi
1197 895 1334 932 Punici
1379 893 1480 940 belli,

80 967 276 1005 Hannibal
295 980 334 1004 se
355 967 446 1004 satis
466 966 666 1004 hominum
686 965 953 1015 conscripsisse
973 969 1012 1002 et
1031 965 1242 1001 instituisse
1258 969 1374 1010 ratus,
1397 976 1482 1000 cum

79 1035 263 1073 Romanis
283 1047 477 1072 conserere
506 1048 640 1072 manus
671 1035 881 1072 constituit.
939 1034 1034 1070 Erat
1063 1038 1191 1071 autem
1221 1033 1261 1070 in
1295 1032 1484 1081 Hispania

80 1104 295 1154 Saguntum
334 1103 528 1153 oppidum,
570 1104 675 1140 cuius
704 1103 804 1140 cives
841 1107 1073 1152 potestatem
1102 1102 1319 1139 Poenorum
1356 1101 1481 1146 veriti,

80 1174 302 1211 societatem
357 1185 443 1209 cum
488 1172 672 1209 Romanis
719 1172 848 1209 iniere.
926 1171 1001 1208 Eos
1047 1171 1199 1208 Poenus
1247 1170 1482 1208 occasionem

79 1247 212 1279 nactus
245 1240 402 1278 adortus
435 1245 503 1286 est,
540 1240 685 1277 frustra
721 1240 906 1277 Romanis
944 1239 1265 1277 denuntiantibus
1302 1244 1346 1276 ut
1382 1238 1483 1275 bello

78 1311 295 1348 abstineret.
382 1308 453 1347 Cui
500 1322 584 1346 cum
631 1308 775 1346 diutius
821 1309 948 1345 resisti
994 1321 1071 1345 non
1117 1321 1227 1357 posse
1273 1307 1484 1352 videretur,

80 1380 282 1428 optimates
316 1390 401 1415 cum
431 1377 619 1427 quidquid
650 1378 806 1426 pretiosi
840 1383 949 1423 esset,
986 1377 1024 1414 id
1063 1390 1175 1414 omne
1212 1377 1300 1426 igne
1338 1389 1485 1413 concre-

79 1452 257 1492 massent,
279 1459 317 1483 se
351 1459 500 1495 quoque
533 1446 635 1495 ipsos
666 1446 704 1482 in
739 1445 957 1483 incendium
992 1446 1192 1482 coniecere.
1262 1444 1362 1482 Tum
1394 1457 1485 1482 vero

79 1516 243 1553 Romani
272 1515 417 1564 legatos
446 1514 718 1564 Carthaginem
747 1515 934 1551 miserunt
953 1514 1018 1563 qui
1039 1514 1085 1551 de
1106 1514 1246 1551 iniuria
1265 1512 1485 1550 huiusmodi

81 1589 339 1633 quererentur.
398 1582 646 1620 Introductus
679 1583 719 1619 in
751 1584 893 1620 curiam
925 1582 966 1629 Q.
991 1582 1132 1620 Fabius
1160 1582 1335 1631 princeps
1355 1581 1486 1632 legati-

85 1654 167 1690 onis
200 1653 285 1689 sinu
316 1665 364 1689 ex
396 1656 486 1701 toga
514 1651 625 1698 facto,
658 1651 741 1697 Hic,
774 1652 912 1700 inquit,
941 1657 1052 1701 porto
1081 1651 1225 1688 bellum
1253 1664 1486 1700 pacemqueg

82 1728 212 1759 utrum
253 1721 389 1770 placet,
428 1721 575 1758 sumite.
653 1721 792 1757 Poenis
839 1720 981 1757 bellum
1028 1720 1294 1764 clamantibus,
1334 1719 1484 1765 Fabius,

84 1803 242 1827 excussa
260 1796 361 1838 toga,
382 1787 543 1835 Bellum,
565 1789 702 1837 inquit,
726 1789 774 1825 do
794 1789 912 1826 vobis.

592 1953 825 1988 Hamn'laal‘s
844 1953 1073 1999 Dlfficultl'es.

134 2041 317 2082 48.—Id
348 2047 475 2079 autem
495 2041 691 2079 Hannibal
712 2043 750 2080 in
771 2043 898 2080 animo
919 2043 1096 2088 habebat,
1128 2055 1174 2078 ne
1195 2042 1322 2079 navali
1343 2042 1487 2091 proelio

84 2125 169 2148 cum
198 2111 307 2147 hoste
337 2116 509 2156 certaret,
533 2111 587 2148 ita
615 2112 728 2148 modo
760 2125 797 2149 se
820 2113 970 2148 vincere
990 2124 1098 2160 posse
1120 2118 1237 2158 ratus,
1260 2111 1291 2148 si
1317 2109 1489 2148 exercitu

82 2181 121 2216 in
151 2179 303 2216 Italiam
323 2179 447 2225 ducto,
479 2179 673 2217 Romanos
701 2180 844 2217 ibidem
873 2180 1031 2217 adortus
1060 2186 1166 2217 esset.
1227 2180 1339 2217 Prius
1360 2186 1489 2217 autem

86 2261 199 2297 quam
213 2248 251 2283 in
266 2247 419 2284 Italiam
431 2248 561 2285 venire
578 2254 716 2297 posset,
732 2248 919 2297 Pyrenaei
932 2254 1092 2293 montes,
1108 2249 1249 2285 flumen
1265 2248 1487 2293 Rhodanus,

85 2316 204 2353 saltus
233 2315 397 2365 denique
425 2329 493 2364 per
517 2316 636 2365 Alpes
666 2324 775 2354 erant
794 2317 1019 2354 traiiciendi.
1079 2317 1214 2365 Neque
1235 2330 1325 2353 vero
1347 2317 1384 2353 id
1406 2329 1492 2353 eum
