1559 2463
91 49 138 94 96
280 46 516 83 SECOND
543 47 735 83 LATJN
753 48 1032 85 READJNG
1058 49 1228 86 BOOK.
1287 46 1408 98 [PART
1428 60 1484 85 111.

87 158 203 195 alium
222 158 347 195 locum
366 157 510 207 proelio
530 158 716 207 aptiorem
736 171 816 195 esse
835 159 1023 196 censebat.
1080 159 1181 197 Nam
1199 159 1277 197 illic
1291 159 1489 210 utriusque

86 225 186 275 regis
205 226 331 274 copias
360 238 519 263 numero
538 225 687 263 futuras
715 239 837 275 pares,
859 239 944 263 cum
972 227 1171 277 angustiae
1198 228 1487 266 multitudinem

86 307 164 331 non
201 299 403 343 caperent:
450 294 650 343 planitiem
687 294 761 332 sibi
807 308 1032 344 camposque
1069 309 1150 333 esse
1195 296 1383 344 vitandos,
1422 297 1489 335 ubi

86 365 286 411 circumiri,
307 365 374 402 ubi
402 365 559 414 ancipiti
587 365 666 402 acie
693 366 859 414 opprimi
886 371 1051 414 possent.
1119 367 1245 405 Facile
1278 368 1375 405 ratio
1406 372 1488 406 tam

83 433 245 471 salubris
273 433 421 471 consilii
453 438 606 482 accepta
635 439 704 472 est.
760 434 896 484 Itaque
924 448 992 471 rex
1019 435 1120 472 inter
1147 435 1340 485 angustias
1369 436 1487 473 saltus

87 502 236 540 hostem
256 503 421 551 opperiri
441 503 650 540 constituit.

450 671 671 706 Alexander
687 670 896 717 harangues
915 671 974 706 leis
992 673 1028 706 A
1034 683 1123 717 rmy.

142 753 392 792 leg—Cum
420 753 498 790 iam
524 753 564 789 in
595 760 799 802 conspecta„
829 753 895 790 :ted
925 758 1036 790 extra
1063 753 1130 790 teli
1159 754 1300 790 iactum
1328 758 1489 804 utraque

86 823 184 860 acies
213 827 322 868 esset,
345 822 567 859 Alexander
594 828 683 859 ante
711 823 834 871 prima
862 823 970 872 signa
997 823 1088 869 ibat,
1110 823 1289 872 variaque
1318 824 1489 862 oratione

85 899 129 927 ut
149 890 329 939 cuiusque
350 890 486 927 animis
510 896 644 939 aptum
672 895 754 927 erat
772 890 915 928 milites
943 891 1230 940 alloquebatur:
1258 891 1488 929 Macedones

85 960 200 996 toties
219 960 260 996 in
280 959 433 1008 Europa
452 959 615 996 victores
635 959 683 996 ad
702 958 953 1008 subigendam
972 959 1105 996 Asiam
1125 960 1285 1009 profecti
1305 961 1488 1009 pristinae

85 1028 242 1065 virtutis
261 1028 607 1066 reminiscerentur.
664 1027 740 1065 Eos
760 1041 838 1065 non
858 1028 986 1065 Persis
1005 1028 1121 1065 modo
1150 1028 1217 1066 sed
1236 1029 1351 1066 etiam
1372 1029 1489 1066 omni—

84 1097 154 1134 bus
172 1098 351 1147 gentibus
371 1097 617 1146 imposituros
636 1097 767 1146 iugum
784 1112 793 1143 3
826 1097 1081 1134 Macedonum
1109 1098 1323 1146 provincias
1351 1097 1489 1135 Bactra

84 1170 122 1202 et
141 1165 259 1202 Indos
278 1165 368 1202 fore.
426 1164 516 1201 Non
545 1165 584 1201 in
604 1165 819 1213 praeruptis
839 1164 1058 1213 Illyriorum
1078 1170 1116 1202 et
1144 1165 1334 1202 Thracum
1352 1167 1490 1203 monti-

84 1234 154 1271 bus
188 1234 357 1271 sterilem
394 1233 563 1270 laborem
600 1233 798 1270 futurum:
846 1233 967 1282 spolia
1002 1234 1121 1270 totius
1159 1233 1317 1270 orientis
1349 1234 1484 1272 offerri.

83 1302 162 1339 Vix
190 1302 317 1351 gladio
346 1302 520 1339 futurum
540 1315 659 1351 opus:
687 1307 810 1338 totam
839 1302 957 1338 aciem
978 1315 1044 1338 suo
1072 1314 1212 1351 pavore
1240 1302 1488 1339 fluctuantem

82 1371 314 1408 umbonibus
342 1383 451 1419 posse
471 1370 641 1419 propelli.
700 1369 869 1418 Ecquem
897 1369 1067 1419 Philippi
1096 1370 1216 1419 patris
1244 1370 1487 1419 domitaeque

83 1440 264 1477 Boeotiae
292 1453 371 1477 non
398 1440 643 1477 meminisse}
698 1440 762 1476 An
790 1452 866 1476 non
897 1439 1060 1477 eundem
1089 1439 1138 1477 ad
1168 1440 1277 1477 Isson
1306 1445 1487 1478 eventum

82 1522 233 1558 pugnae
253 1508 427 1545 futurum
447 1509 512 1557 qui
532 1508 579 1545 ad
600 1508 808 1545 Granicum
827 1520 978 1544 amnem
998 1507 1159 1545 devictis
1178 1507 1304 1545 Persis
1324 1508 1484 1545 fuisset-‚2

83 1578 192 1615 Irent
229 1582 268 1614 et
305 1578 523 1615 imbellibus
568 1577 720 1614 feminis
766 1589 901 1614 aurum
938 1577 1011 1613 viri
1057 1577 1255 1626 eriperent.
1339 1577 1487 1626 Aspera

81 1646 271 1683 montium
293 1659 445 1683 suorum
466 1647 554 1695 iuga
573 1646 771 1695 nudasque
791 1645 908 1682 valles
936 1652 975 1682 et
1002 1650 1186 1695 perpetuo
1207 1646 1373 1695 rigentes
1399 1646 1487 1696 gelu

83 1715 229 1751 (litibus
251 1714 450 1751 Persarum
473 1715 615 1763 campis
635 1714 810 1763 agrisque
829 1719 1031 1750 mutarent.

339 1876 470 1912 Battle
488 1875 533 1920 (gf
543 1876 656 1911 Issus.
713 1876 818 1910 Rom
834 1874 879 1920 af
888 1876 1067 1911 Darius⁷s
1086 1875 1122 1910 A
1127 1887 1217 1920 rmy.

138 1968 371 2009 lea-Iam
391 1967 440 2004 ad
468 1967 536 2004 teli
555 1968 696 2004 iactum
715 1971 981 2015 pervenerant,
1003 1979 1089 2003 cum
1118 1966 1319 2004 Persarum
1339 1968 1485 2016 equites

81 2039 258 2077 ferociter
295 2038 334 2074 in
367 2037 518 2074 laevum
555 2049 672 2073 cornu
704 2036 873 2072 hostium
905 2035 1047 2072 invecti
1085 2040 1185 2081 sunt,
1218 2048 1308 2072 nam
1345 2036 1484 2073 Darius

80 2106 248 2156 equestri
267 2105 410 2154 proelio
439 2105 641 2142 decernere
670 2104 839 2153 optabat,
859 2102 1088 2152 phalangem
1116 2102 1355 2140 Macedonici
1383 2116 1485 2141 exer-

81 2176 178 2213 citus
214 2174 331 2211 robur
367 2178 481 2210 ratus.
551 2172 650 2209 Tum
686 2172 909 2209 Alexander
945 2171 1089 2208 veritus
1127 2184 1173 2207 ne
1210 2171 1482 2218 circumiretur,

81 2244 228 2280 duabus
249 2242 318 2279 alis
348 2242 521 2290 equitiun
550 2241 596 2278 ad
626 2241 757 2289 iugum
787 2240 929 2277 montis
958 2240 1068 2276 iussis
1096 2239 1311 2286 subsistere,
1341 2245 1485 2277 ceteros

81 2312 262 2350 adversus
294 2311 442 2348 hostem
475 2310 597 2347 duxit.
664 2309 753 2346 Non
782 2308 928 2355 timido,
957 2322 1035 2345 non
1064 2309 1201 2358 ignavo
1230 2321 1373 2346 cessare
1402 2314 1483 2346 tum
