1559 2463
62 40 244 92 PART11.]
434 42 696 79 HISTORY
723 42 799 79 OF
823 43 1070 80 GREECE.
1411 53 1455 89 73

56 154 230 191 illaturos
275 165 357 191 sese
404 166 518 202 quam
564 153 774 203 Spartanos
820 153 901 191 sibi.
974 153 1047 200 Qui
1084 153 1294 203 plurimum
1340 153 1457 191 classe

56 226 222 271 possent,
248 221 295 258 iis
325 222 437 259 licere
466 221 506 258 in
539 221 847 270 Peloponnesum
876 222 1022 271 impetu
1050 221 1150 259 facto
1170 222 1305 259 incolis
1326 222 1373 259 de
1392 221 1458 258 im-

56 290 208 339 proviso
229 289 341 328 valde
370 303 516 328 nocere.
574 290 773 339 Spartanis
803 296 937 328 contra
965 291 1004 328 in
1033 291 1160 328 animo
1189 295 1271 328 erat
1297 291 1458 328 vastatis

56 360 261 408 quotannis
290 359 430 397 finibus
458 358 717 396 Athenienses
745 358 969 408 defatigare,
991 364 1030 396 et
1058 359 1251 408 stipendio
1278 358 1456 396 fraudare

55 427 158 476 quod
190 427 281 465 socii
310 427 544 477 pendebant,
566 426 781 464 sollicitatis
810 427 855 464 iis
882 427 1060 476 gentibus
1088 432 1132 464 ut
1159 428 1457 465 Atheniensium

53 496 185 546 iugum
204 500 454 543 excuterent3
473 495 692 545 percrebuit
711 496 814 532 enim
834 496 962 544 opinio
982 496 1136 534 taedere
1156 496 1277 534 socios
1296 495 1457 533 Atheni-

54 565 211 610 ensium,
234 577 356 614 neque
377 577 440 602 eos
460 563 606 601 diutius
626 564 697 601 sibi
718 564 896 613 imperari
915 564 1023 602 velle.

421 719 460 754 T
453 719 496 754 lle
513 717 718 765 Suffew'ngs
737 718 781 765 of
792 719 850 754 llze
868 719 905 754 A
910 719 1088 755 thenians.

107 808 354 848 151.—Inde
386 810 543 846 ineunte
578 822 667 846 vere
701 809 848 858 impetu
876 810 916 846 in
944 810 1117 847 Atticam
1144 810 1246 848 facto
1276 809 1456 859 Spartani

51 878 179 916 onmia
225 878 324 916 ferro
363 883 402 916 et
438 878 526 928 igne
563 883 826 925 vastaverunt,
865 892 988 928 neque
1021 884 1151 916 tamen
1197 879 1455 917 Athenienses

50 952 160 985 extra
186 947 338 984 moenia
357 947 407 984 ad
426 960 595 997 pugnam
614 947 747 985 elicere
772 952 991 997 potuerunt.
1051 947 1135 985 Hoc
1153 947 1256 986 idem
1276 948 1455 997 deinceps

49 1016 223 1065 pluribus
242 1016 286 1053 fit
305 1016 422 1053 annis.
482 1015 533 1052 Et
561 1029 646 1053 cum
666 1016 767 1054 cives
786 1016 984 1066 colonique
1014 1016 1283 1054 confertissimi
1302 1017 1342 1054 in
1361 1017 1454 1054 urbe

49 1084 278 1130 habitarent,
301 1084 498 1133 multaque
529 1084 710 1122 animalia
742 1085 781 1122 in
812 1090 916 1123 arcto
950 1090 1286 1134 congregarentur,
1307 1086 1455 1124 crudes-

48 1158 156 1190 cente
186 1156 305 1202 peste,
326 1152 462 1202 ingens
482 1152 685 1191 hominum
715 1154 926 1192 multitudo
959 1154 1150 1192 exstincta
1179 1158 1259 1192 est:
1290 1154 1405 1192 multi
1435 1167 1454 1192 e

47 1222 277 1272 primoribus
307 1222 450 1260 mortui
481 1227 581 1269 sunt,
603 1227 642 1260 et
672 1223 711 1260 in
741 1224 787 1261 iis
818 1223 995 1270 Pericles,
1030 1225 1089 1262 vir
1119 1237 1267 1262 summo
1300 1224 1454 1273 ingenio

47 1291 254 1340 praeditus,
272 1291 375 1328 idem
390 1291 535 1340 patriae
554 1292 847 1330 amantissimus.
908 1292 992 1340 Quo
1008 1298 1159 1330 mortuo
1175 1305 1453 1342 nonnunquam

47 1360 162 1397 fiebat
189 1365 233 1397 ut
260 1359 435 1397 homines
464 1359 682 1397 stultissimi
711 1361 858 1398 civibus
887 1374 951 1410 spe
972 1361 1128 1399 deiectis
1148 1361 1453 1399 concionabundi

46 1428 320 1477 persuaderent
350 1433 393 1465 ut
423 1428 590 1465 consiliis
620 1429 855 1478 pravissimis
888 1434 1096 1468 uterentur.
1157 1430 1310 1477 Quodni
1333 1431 1374 1467 in
1394 1430 1452 1468 his

46 1502 125 1533 tam
145 1496 268 1533 foedis
297 1496 579 1534 calamitatibus
609 1509 656 1534 ex
686 1497 879 1546 insperato
909 1498 1058 1547 saepius
1086 1499 1318 1536 subventum
1341 1504 1450 1546 esset,

46 1564 202 1601 minime
249 1565 409 1602 dubium
447 1570 505 1602 est
542 1565 634 1614 quin
671 1565 849 1603 Athenae
879 1571 1010 1615 captae
1048 1567 1184 1604 ultima
1224 1574 1450 1617 experturae

44 1631 201 1669 fuerint.

590 1734 692 1781 Siege
707 1735 751 1782 (ff
762 1736 906 1772 Platea.

101 1824 387 1865 152.-—Tertio
417 1825 507 1862 belli
538 1839 637 1863 anno
668 1827 824 1866 Plateae
855 1828 1036 1867 Boeotiae
1067 1830 1251 1879 oppidum
1284 1831 1450 1870 Athenis

45 1893 317 1930 amicissimum
355 1894 401 1931 ab
432 1894 666 1933 Archidamo
699 1896 976 1945 Spartanorum
1008 1911 1095 1948 rege
1133 1899 1338 1938 obsidetur.
1412 1901 1450 1939 Is

45 1974 130 1998 cum
150 1961 299 2010 saepius
332 1961 517 2010 oppidum
540 1963 578 2000 vi
598 1976 817 2014 expugnare
845 1971 1004 2003 conatus
1037 1971 1136 2004 esset
1165 1980 1289 2017 neque
1319 1973 1448 2006 tamen

43 2043 103 2067 res
140 2044 188 2067 ex
219 2031 411 2068 sententia
443 2032 645 2078 evenisset,
680 2033 823 2083 duplici
853 2048 963 2073 muro
997 2036 1183 2085 oppidum
1216 2038 1448 2077 circumdare

43 2099 253 2144 constituit,
275 2104 319 2136 ut
339 2099 438 2136 cives
458 2100 559 2138 fame
578 2101 618 2138 in
639 2101 876 2140 deditionem
906 2105 1035 2142 venire
1059 2110 1294 2155 cogerentur.
1351 2107 1448 2145 Inde

42 2171 129 2215 post
162 2180 305 2204 annum
338 2172 515 2205 exactum
548 2170 711 2208 obsessis
748 2171 878 2221 inopia
915 2174 1145 2211 cibariorum
1183 2175 1448 2213 laborantibus

44 2234 166 2271 visum
188 2240 335 2283 partem
357 2249 510 2273 suorum
530 2251 726 2287 erumpere
750 2242 876 2278 conari
895 2258 900 2285 ;
930 2242 983 2279 ita
1003 2243 1103 2279 enim
1125 2243 1227 2292 quod
1248 2244 1445 2282 hominum

43 2304 287 2341 remansisset
323 2305 562 2343 obsidionem
600 2307 839 2354 toleraturos,
879 2311 960 2347 fore
1004 2312 1119 2349 etiam
1157 2318 1200 2350 ut
1238 2313 1446 2362 Spartanos
