1559 2463
72 62 175 88 PART
195 51 255 103 11.]
455 53 672 90 HISTOR
686 54 721 89 Y
746 54 822 91 OF
846 55 1093 91 GREECE.
1424 56 1469 100 87

72 162 241 201 barbaris
270 163 503 202 intulissent.
572 164 708 214 Itaque
737 169 891 202 auctore
920 164 1128 202 Antalcida
1146 163 1369 202 foedissima
1397 178 1472 213 pax

71 243 155 269 cum
190 232 317 270 Persis
353 233 454 270 facta
499 237 568 279 est,
606 233 842 282 patientibus
888 233 1043 271 Graecis
1079 237 1123 270 ut
1168 233 1351 271 barbarus
1387 233 1475 270 lites

73 299 268 339 dirimeret
298 306 336 339 et
368 302 608 340 condiciones
639 307 797 339 eatenus
825 302 1019 340 inauditas
1048 302 1203 339 Graecis
1237 302 1474 351 imponeret:

72 367 249 419 quicquid
278 371 393 408 etiam
414 370 567 409 urbium
586 371 626 408 in
646 371 756 408 Ionia
783 371 947 409 liberum
966 371 1050 419 fuit⁷
1072 371 1112 408 id
1132 371 1259 408 Persis
1288 371 1475 408 traditum

72 441 139 474 est,
192 438 384 477 Thebanis
413 439 655 489 potissimum
683 440 874 478 nocebant
902 439 1144 478 condiciones
1172 439 1286 489 pacis,
1316 439 1474 476 iubente

72 506 186 545 Persa
213 521 260 545 ne
289 508 433 546 diutius
462 509 613 558 oppidis
645 509 827 547 Boeotiae
861 509 1129 559 imperitarent
1161 522 1237 547 neu
1270 508 1474 558 quicquam

71 579 200 614 contra
219 577 354 615 Persas
375 578 631 627 Spartanosve
652 578 889 616 molirentur.

668 708 878 756 Pelopidas.

129 788 369 827 lSL—Inde
390 789 481 826 dum
502 789 690 827 exercitus
707 790 918 839 Spartanus
940 796 1046 828 trans
1066 790 1267 827 Boeotiam
1287 790 1359 827 iter
1371 790 1474 836 facit,

73 857 153 894 dux
181 860 256 896 eius
285 858 373 896 dolo
403 859 498 896 arcis
527 859 731 897 Thebanae
760 860 916 909 potitus,
947 859 1092 897 ibidem
1121 859 1355 908 praesidium
1383 859 1475 897 satis

72 927 220 963 firmum
238 927 403 977 reliquit.
460 928 534 965 Per
553 928 762 966 triennium
792 929 971 978 Spartani
991 929 1031 966 in
1052 941 1135 966 arce
1164 928 1473 975 dominabantur,

71 995 307 1045 multumque
345 1009 431 1033 cuni
467 996 664 1035 dedecoris
701 1001 782 1034 tum
822 997 938 1035 etiam
975 997 1220 1043 incommodi,
1255 1011 1330 1047 qua
1367 1002 1476 1034 erant

72 1063 254 1112 superbia,
277 1064 424 1101 civibus
444 1065 664 1102 afferebant.
723 1065 798 1102 Sed
827 1065 1031 1115 Pelopidas
1055 1065 1212 1115 quidam
1242 1079 1289 1103 ex
1318 1066 1477 1115 optima-

70 1132 183 1178 tibus,
215 1146 325 1182 quem
354 1133 550 1171 dedecoris
579 1134 766 1172 eiusmodi
799 1134 911 1172 valde
940 1135 1176 1184 poenitebat,
1207 1135 1266 1172 vir
1294 1140 1475 1184 expertae

70 1200 236 1246 virtutis,
272 1202 374 1239 idem
410 1203 556 1252 patriae
594 1203 889 1250 amantissimus,
922 1204 1069 1253 aliquot
1105 1218 1124 1242 e
1163 1204 1241 1242 suis
1274 1204 1312 1241 in
1351 1217 1475 1242 arcem

70 1268 246 1306 muliebri
271 1274 378 1307 veste
408 1276 563 1308 ornatos
595 1271 692 1308 clam
720 1271 844 1318 duxit,
876 1272 1160 1321 Spartanosque
1191 1285 1239 1310 ex
1267 1272 1475 1322 improviso

71 1337 225 1375 adortos
245 1339 462 1377 trucidavit.
519 1340 689 1389 Recepta
707 1354 791 1378 arce
808 1341 955 1390 ingenti
972 1341 1112 1378 civium
1129 1341 1256 1378 studio
1270 1341 1477 1391 Pelopidae

69 1407 213 1455 gratiae
252 1413 358 1446 actae
396 1414 494 1447 sunt.
572 1409 683 1456 Quod
722 1410 787 1448 ubi
826 1410 1044 1459 percrebuit
1080 1411 1247 1448 multum
1285 1411 1477 1460 opinionis

69 1476 275 1515 amiserunt
296 1478 485 1527 Spartani,
508 1483 557 1525 et,
578 1484 622 1516 ut
642 1480 695 1525 fit,
717 1479 892 1517 hostibus
912 1480 1062 1517 animus
1083 1484 1216 1517 auctus
1237 1485 1302 1518 est.

542 1617 618 1653 The
635 1618 827 1653 Athenian
848 1619 998 1665 League.

124 1700 359 1738 182.—Sub
374 1699 477 1738 idem
498 1705 648 1750 tempus
664 1701 923 1738 Athenienses
939 1701 1161 1739 societatem
1176 1714 1262 1738 cum
1281 1702 1478 1740 nonnullis

68 1781 114 1804 ex
151 1769 284 1806 insulis
321 1769 491 1806 inierunt
537 1782 580 1806 ea
615 1769 838 1807 condicione
878 1774 921 1807 ut
962 1783 1134 1819 quaeque
1172 1770 1307 1808 civitas
1354 1776 1476 1809 certas

70 1838 246 1886 pecunias
261 1837 309 1875 ad
326 1838 549 1876 armandam
566 1838 724 1876 classem
744 1839 949 1888 quotannis
966 1839 1160 1888 penderet.
1213 1839 1285 1877 Cui
1302 1840 1477 1878 societati

69 1920 153 1944 cum
168 1907 342 1945 Thebani
358 1922 396 1945 se
412 1907 689 1955 adiunxissent‚
704 1913 748 1946 ut
760 1908 952 1958 praesidia
967 1908 1245 1958 Spartanorum
1259 1922 1278 1945 e
1294 1908 1476 1948 Boeotiae

68 1975 226 2013 urbibus
239 1976 486 2025 expellerent,
503 1976 646 2014 bellum
660 1977 861 2027 Spartanis
876 1981 978 2014 terra
992 1978 1165 2027 marique
1178 1977 1315 2015 acriter
1328 1978 1477 2015 illatum

68 2049 135 2082 est.
195 2045 335 2082 Omnia
363 2045 473 2083 sociis
501 2045 709 2092 favebant3
737 2046 846 2084 brevi
874 2046 977 2084 enim
1006 2047 1175 2097 expulsis
1199 2047 1477 2096 Spartanorum

67 2114 276 2163 praesidiis,
313 2115 435 2152 omnis
468 2115 629 2153 Boeotia
661 2116 700 2152 in
734 2115 1006 2153 Thebanorum
1044 2120 1236 2165 potestate
1269 2116 1370 2153 facta
1407 2122 1477 2162 est,

68 2196 191 2232 neque
220 2183 349 2221 hostes
377 2184 485 2221 classi
515 2184 703 2221 sociorum
731 2185 907 2222 resistere
936 2190 1155 2234 potuerunt.
1224 2185 1320 2222 Mox
1348 2189 1478 2222 autem

69 2252 261 2289 Thebanis
300 2266 386 2289 cum
432 2253 734 2291 Atheniensibus
781 2254 995 2291 simultates
1041 2254 1301 2291 intercedere:
1348 2254 1478 2302 itaque

69 2320 327 2358 Athenienses
348 2335 439 2370 pace
459 2335 543 2359 cum
565 2322 764 2371 Spartanis
784 2322 885 2360 sacta
905 2322 1051 2360 diutius
1071 2336 1240 2372 pugnare
1261 2322 1477 2360 noluerunt.
