1559 2463
622 570 800 606 PART
834 570 923 606 lll.

292 751 761 787 ALEXANDER
804 751 953 787 THE
998 751 1259 788 GREAT.

412 932 632 968 Alexander
649 932 821 979 confirms
839 933 898 968 lais
916 932 1132 979 Azztlaority.

130 1023 440 1062 192.—-Mortuo
469 1023 650 1072 Philippo
679 1036 765 1060 cuin
784 1023 988 1060 nonnullas
1017 1036 1036 1060 e
1057 1023 1279 1061 civitatibus
1306 1024 1478 1062 libertati

74 1092 226 1129 studere
248 1091 406 1128 allatum
427 1097 536 1138 esset,
558 1092 781 1129 Alexander
810 1093 926 1141 copiis
956 1092 994 1129 in
1024 1092 1332 1141 Peloponnesum
1352 1093 1478 1131 ductis

74 1160 276 1209 potestatis
297 1172 385 1197 suae
405 1160 470 1197 ubi
491 1160 681 1208 specimen
702 1160 819 1206 dedit,
838 1161 996 1198 concilio
1017 1160 1250 1198 Graecorum
1269 1167 1477 1200 convocato

73 1229 112 1265 in
132 1229 256 1266 locum
276 1229 395 1277 patris
424 1229 632 1277 imperator
651 1228 874 1279 designatus
902 1234 968 1266 est.
1028 1229 1124 1266 Inde
1145 1229 1306 1267 devictis
1325 1230 1478 1268 Thraci-

75 1298 156 1343 bus,
179 1297 337 1335 flumine
358 1298 458 1334 Istro
487 1298 646 1334 traiecto
668 1297 787 1335 Getas
816 1298 1046 1347 Illyriosque
1076 1312 1164 1336 suae
1194 1299 1353 1336 ditionis
1373 1300 1474 1338 fecit.

74 1365 130 1402 Eo
168 1366 324 1403 absente
363 1365 548 1410 Thebani,
579 1379 664 1402 cum
701 1366 819 1403 falsus
856 1367 1136 1415 percrebuisset
1163 1380 1294 1404 rumor
1320 1369 1422 1406 victo
1456 1382 1478 1406 a

73 1435 244 1472 barbaris
265 1435 436 1471 exercitu
465 1435 655 1472 interiisse
675 1448 814 1483 regem,
836 1436 934 1472 inita
961 1436 1224 1473 coniuratione
1243 1438 1478 1486 praesidium

74 1503 328 1540 Macedonum
376 1503 478 1551 quod
525 1516 649 1540 arcem
696 1504 897 1541 obtinebat
943 1505 1186 1543 obsederunt.
1261 1506 1383 1553 Quam
1429 1508 1478 1544 ad

74 1571 302 1608 seditionem
329 1572 623 1620 reprimendam,
646 1572 784 1609 certior
812 1573 929 1610 etiam
958 1573 1082 1610 factus
1112 1578 1151 1610 et
1180 1574 1275 1611 alias
1303 1575 1478 1613 civitates

73 1641 249 1689 exemplo
277 1640 548 1678 Thebanorum
577 1641 801 1678 sollicitatas
828 1642 1017 1679 novandis
1036 1643 1149 1680 rebus
1178 1644 1343 1690 studere,
1365 1644 1479 1681 Alex-

73 1708 192 1744 ander
219 1708 315 1745 mira
335 1708 527 1745 celeritate
555 1722 740 1755 reversus,
763 1709 914 1746 Thebas
943 1710 1142 1747 contendit
1171 1712 1479 1761 praesidiumque

75 1777 274 1814 obsidione
312 1776 501 1815 liberavit.
559 1777 655 1814 Inde
689 1791 799 1815 versa
826 1778 866 1814 in
904 1778 1110 1816 Thebanos
1138 1779 1204 1825 ira,
1236 1781 1369 1817 urbem
1399 1781 1479 1818 solo

76 1845 266 1892 aequavit,
301 1844 476 1881 homines
514 1845 583 1881 sub
622 1858 760 1882 corona
794 1846 980 1883 vendidit.
1040 1846 1123 1893 Qua
1159 1847 1265 1885 clade
1304 1848 1479 1885 exterriti

76 1912 211 1950 Graeci
248 1913 288 1949 in
335 1913 499 1949 officium
545 1913 755 1959 redierunt,
794 1927 917 1963 neque
965 1916 1169 1965 quisquam
1207 1916 1246 1953 in
1284 1921 1481 1965 posterum

76 1980 303 2017 seditionem
323 1980 418 2016 inire
439 1986 640 2017 ausus‘est.

526 2145 599 2179 The
624 2144 805 2191 Conquest
823 2145 866 2191 (ff
877 2145 974 2180 Asia
995 2146 1136 2182 Minor.

132 2235 425 2275 lea—Pacata
453 2234 613 2272 Graecia
640 2234 864 2273 Alexander
890 2236 1052 2273 traiecto
1081 2236 1335 2287 Hellesponto
1355 2239 1482 2288 copias

76 2305 116 2342 in
145 2305 277 2342 Asiam
306 2304 428 2342 duxit.
488 2304 625 2341 Persae
654 2309 783 2342 autem
811 2305 925 2342 veriti
954 2310 997 2342 ut
1025 2306 1177 2344 barbari
1206 2307 1484 2346 Macedonibus

1345 2377 1375 2400 93
