1559 2463
62 56 265 107 PART111.]
383 59 754 95 ALEXANDER
786 60 906 95 THE
939 61 1145 98 GREAT.
1398 73 1464 108 107

539 172 645 207 Plots
663 172 815 217 against
830 172 996 208 Darius.

112 261 365 301 219.—Inde
385 261 608 299 Alexander
627 263 695 300 ubi
714 276 902 301 novorum
930 276 949 301 e
976 263 1108 301 Cilicia
1128 264 1307 311 militum,
1329 266 1469 314 quibus

59 335 234 378 praeerat
270 330 411 368 Platon
451 331 713 377 Atheniensis,
752 331 1065 381 supplementum
1110 333 1266 381 accepit,
1305 333 1468 371 Darium

57 398 235 448 persequi
255 399 401 436 statuit.
459 399 498 436 Is
517 399 594 437 iam
613 404 697 437 tum
712 400 908 438 Ecbatana
922 406 1160 450 pervenerat,
1178 400 1315 439 Bactra
1329 402 1468 440 deinde

58 466 163 504 adire
195 467 235 504 in
268 467 394 505 animo
428 467 604 506 habebat.
662 468 801 506 Bessus
834 473 963 506 autem
997 474 1035 506 et
1065 469 1321 515 Nabarzanes,
1352 471 1417 519 qui
1448 484 1467 508 e

57 535 218 573 ducibus
238 541 357 582 erant,
380 536 544 574 inauditi
565 541 679 574 antea
691 537 870 575 facinoris
891 537 1071 575 societate
1085 537 1191 584 inita,
1210 551 1337 588 regem
1357 552 1467 576 suum

57 617 125 654 per
156 604 308 650 milites,
344 605 483 654 quibus
520 610 733 654 praeerant,
773 606 1096 656 comprehendere
1133 611 1172 643 et
1204 607 1347 644 vincire
1385 620 1469 644 con-

57 672 277 719 stituerunt,
309 686 353 710 eo
387 673 557 719 consilio,
586 679 641 719 ut,
672 674 703 711 si
736 674 961 712 Alexander
993 675 1096 724 ipsos
1129 675 1323 712 insecutus
1355 675 1465 722 foret,

57 740 201 777 tradito
220 754 307 790 rege
328 741 427 787 vivo,
449 741 591 779 inirent
611 742 776 792 gratiam
795 743 964 789 victoris,
985 743 1116 792 magni
1136 743 1309 792 profecto
1326 743 1468 792 cepisse

58 809 222 846 Darium
250 810 512 848 aestimaturi:
543 811 602 848 sin
630 816 759 849 autem
788 825 876 849 eum
905 813 1071 862 effugere
1097 813 1323 862 potuissent,
1355 813 1469 850 inter-

57 878 157 916 fecto
178 878 307 924 Dario,
330 892 490 929 regnum
510 880 583 929 ipsi
605 886 835 930 occuparent
854 881 1073 931 bellumque
1092 886 1332 919 renovarent.

511 1034 548 1069 A
569 1034 800 1070 treacherous
820 1036 1010 1082 Frepesal.

112 1124 390 1171 220—Quod
401 1124 648 1173 parricidium
664 1139 749 1162 cum
763 1125 829 1162 diu
844 1126 1095 1173 volutassent,
1111 1127 1368 1174 Nabarzanes,
1384 1128 1469 1166 Scio

56 1206 127 1239 me,
149 1193 286 1242 inquit,
309 1206 329 1230 o
349 1207 429 1239 rex,
451 1194 683 1231 sententiam
710 1208 954 1244 nequaquam
981 1200 1132 1245 gratam
1161 1195 1354 1234 dicturum
1374 1210 1465 1236 esse.

58 1261 135 1299 Sed
153 1261 291 1299 medici
312 1275 462 1311 quoque
485 1263 680 1312 graviores
708 1264 863 1302 morbos
891 1265 1034 1313 asperis
1063 1265 1242 1303 remediis
1262 1271 1408 1313 curant,
1430 1272 1469 1304 et

58 1330 303 1379 gubernator,
322 1331 387 1367 ubi
400 1330 643 1381 naufragium
655 1331 778 1377 timet,
796 1332 954 1379 iactura,
971 1332 1153 1382 quicquid
1169 1333 1312 1371 servari
1327 1338 1467 1383 potest,

57 1397 222 1435 redimit.
281 1398 508 1447 Auspicium
527 1404 566 1436 et
585 1399 789 1448 imperium
815 1401 971 1438 interim
999 1401 1063 1438 alii
1092 1401 1211 1447 trade,
1235 1402 1299 1451 qui
1319 1402 1467 1440 tamdiu

57 1479 125 1503 rex
146 1466 370 1516 appelletur,
392 1467 512 1504 donec
531 1467 624 1505 Asia
653 1468 814 1506 decedat
842 1469 973 1515 hostis,
996 1470 1119 1507 victor
1140 1470 1279 1509 deinde
1307 1484 1467 1521 regnum

58 1535 130 1572 tibi
149 1535 296 1573 reddat.
337 1536 515 1582 Proinde,
537 1536 685 1583 Bactra,
709 1538 812 1587 quod
832 1539 1068 1576 tutissimum
1097 1540 1377 1588 receptaculum
1397 1545 1464 1585 est,

57 1610 244 1653 peta-mus,
273 1605 509 1654 praefectum
536 1606 703 1655 regionis
724 1607 803 1644 eius
823 1607 984 1645 Bessum
1013 1621 1142 1657 regem
1171 1613 1407 1646 statuamus:
1436 1609 1468 1645 is

59 1673 280 1722 compositis
304 1674 417 1711 rebus
436 1674 639 1723 imperium
660 1676 730 1713 tibi
751 1676 939 1714 restituet.
999 1676 1146 1724 Quibus
1166 1677 1307 1714 auditis
1328 1678 1468 1715 Darius

57 1742 115 1779 ira
139 1742 312 1780 infensus
342 1743 474 1780 stricto
502 1742 630 1793 gladio
659 1744 698 1780 in
728 1745 995 1783 Nabarzanem
1014 1746 1201 1795 impetum
1228 1745 1331 1791 fecit,
1362 1747 1427 1795 qui
1447 1760 1467 1783 e

58 1811 227 1860 periculo
248 1811 399 1861 elapsus
428 1825 513 1849 cum
541 1811 660 1850 Besso
688 1813 790 1850 idem
816 1814 964 1851 consilii
994 1815 1084 1864 agit.
1142 1814 1277 1864 Neque
1306 1815 1408 1852 enim
1427 1816 1465 1852 vi

59 1880 116 1917 uti
136 1880 342 1926 audebant,
363 1880 498 1918 Persas
518 1882 641 1928 veriti,
665 1895 827 1931 quorum
848 1883 1019 1920 omnium
1040 1883 1173 1920 eadem
1187 1883 1267 1921 fere
1283 1883 1357 1920 fuit
1377 1897 1463 1930 vox,

58 1948 165 1986 nefas
185 1961 266 1986 esse
286 1948 409 1986 deseri
430 1962 567 1998 regem.

574 2097 703 2132 Deatlz
722 2096 768 2143 ef
777 2097 941 2133 Darius.

111 2186 383 2225 aar—Brevi
404 2191 533 2224 autem
552 2192 639 2236 post
659 2188 845 2225 coniurati
874 2188 939 2225 ubi
968 2188 1130 2226 Darium
1150 2190 1465 2238 comprehensum

57 2256 98 2293 in
118 2256 315 2293 sordidum
334 2255 551 2293 vehiculum
571 2256 734 2305 pellibus
754 2257 924 2306 undique
945 2262 1163 2295 contectum
1188 2259 1464 2308 imposuerunt,

60 2324 260 2374 aureisque
280 2324 527 2374 compedibus
545 2324 767 2371 vinxerunt,
788 2325 829 2362 in
848 2325 980 2375 fugam
1008 2339 1047 2363 se
1067 2326 1322 2364 contulerunt.
1383 2327 1467 2374 Qua
