1559 2463
88 67 292 119 PART111.]
410 69 780 105 ALEXANDER
814 69 933 104 THE
966 69 1172 105 GREAT.
1448 81 1495 115 99

86 193 221 217 manus
242 193 335 229 quas
364 180 541 229 operibus
562 179 732 217 hostium
760 179 971 226 iniicerent,
994 184 1033 216 et
1062 179 1135 216 alia
1163 179 1317 216 tuendis
1338 180 1497 217 urbibus

86 247 304 297 excogitata
339 252 626 296 praeparantur.
703 246 778 284 Sed
816 260 902 284 cum
939 247 1157 284 fornacibus
1199 248 1353 294 ferrum,
1394 247 1497 296 quod

88 315 226 352 excudi
262 316 476 364 oportebat,
515 315 740 365 impositum
786 320 895 361 esset,
937 315 1133 364 sanguinis
1178 315 1251 351 rivi
1298 316 1369 353 sub
1406 315 1498 364 ipsis

87 384 250 421 flammis
270 384 465 422 exstitisse
485 384 688 421 dicuntur:
718 383 833 432 idque
863 396 975 420 omen
1004 383 1044 420 in
1074 383 1331 420 Macedonum
1351 389 1497 420 metum

88 458 246 491 vertunt
282 453 399 502 Tyrii.
474 452 592 502 Apud
629 452 862 489 Macedonas
899 465 1050 501 quoque
1097 465 1182 488 cum
1223 452 1322 489 forte
1359 466 1498 501 panem

90 521 247 570 quidam
265 522 497 570 frangerent,
526 520 717 557 manantis
747 519 943 569 sanguinis
970 524 1101 569 guttas
1129 519 1495 566 animadverterunt,

87 590 299 639 territoque
332 603 419 639 rege
456 588 698 634 Aristander,
732 588 986 637 peritissimus
1019 592 1164 635 vatum,
1198 589 1229 626 si
1263 589 1499 627 extrinsecus

86 672 198 696 cruor
225 658 409 704 fluxisset,
432 657 708 695 Macedonibus
737 656 777 693 id
797 656 906 693 triste
938 656 1114 693 futurum
1141 657 1217 694 ait:
1248 662 1390 703 contra,
1413 671 1498 694 cum

88 727 135 764 ab
165 727 346 764 interiore
379 731 486 775 parte
515 726 741 771 manaverit,
763 726 849 762 urbi
879 725 1041 762 exitium
1061 725 1300 774 portendere.
1359 726 1499 764 Postea

87 795 309 832 Alexander
337 799 504 832 oratores
533 794 580 832 de
608 807 699 844 pace
729 793 777 831 ad
810 794 944 831 urbem
963 794 1082 839 misit,
1104 807 1199 843 quos
1227 793 1335 843 Tyrii
1364 799 1498 832 contra

87 864 145 901 ius
181 864 355 913 gentium
402 864 543 901 occisos
580 863 619 900 in
658 862 780 900 altum
817 863 1176 912 praecipitaverunt.
1253 863 1385 912 Atque
1430 863 1495 901 ille

88 945 242 969 suorum
262 937 341 969 tam
360 931 519 981 indigna
538 936 660 968 morte
681 935 894 967 commotus
913 931 1048 968 urbem
1068 930 1242 967 obsidere
1263 931 1408 968 statuit.

524 1050 600 1086 lee
618 1049 807 1096 Bm'ldsng
822 1049 868 1095 of
879 1050 937 1085 the
954 1050 1063 1085 sllole.

141 1132 384 1172 204.—Sed
423 1137 511 1170 ante
548 1132 721 1170 iacienda
757 1132 877 1170 moles
910 1138 992 1170 erat
1029 1145 1124 1182 quae
1163 1146 1248 1169 cum
1282 1133 1496 1170 continenti

89 1203 222 1239 urbem
259 1202 517 1252 coniungeret.
593 1202 737 1251 Magna
782 1202 841 1239 vis
887 1214 1068 1239 saxorum
1114 1202 1162 1240 ad
1208 1215 1365 1239 manum
1402 1207 1496 1247 erat,

89 1271 266 1309 materies
287 1284 334 1308 ex
362 1271 510 1308 Libano
539 1276 669 1308 monte
698 1271 845 1308 ratibus
875 1276 913 1308 et
941 1272 1112 1308 turribus
1132 1271 1317 1309 faciendis
1338 1271 1498 1308 advehe-

88 1341 211 1378 batur.
270 1340 428 1389 Iamque
462 1353 482 1377 a
514 1340 636 1377 fundo
668 1340 783 1377 maris
816 1340 856 1376 in
893 1340 1139 1377 altitudinem
1178 1340 1368 1378 modicam
1402 1353 1497 1389 opus

88 1414 270 1456 creverat,
309 1409 482 1446 nondum
519 1413 649 1446 tamen
695 1422 833 1458 aquam
880 1422 1069 1446 summam
1105 1410 1306 1458 aequabat,
1345 1414 1384 1446 et
1422 1423 1497 1459 quo

89 1479 240 1527 longius
258 1478 378 1515 moles
398 1478 583 1527 agebatur
602 1491 623 1515 a
643 1478 766 1524 litore,
787 1478 859 1516 hoc
878 1479 1011 1528 magis,
1033 1478 1215 1528 quicquid
1239 1479 1495 1528 ingerebatur,

89 1547 302 1596 praealtum
330 1546 560 1583 absorbebat
587 1559 691 1583 mare
705 1561 714 1593 3
744 1559 829 1583 cum
857 1546 964 1595 Tyrii
992 1547 1122 1596 parvis
1141 1547 1304 1596 navigiis
1331 1547 1497 1585 admotis

89 1629 157 1665 per
187 1615 396 1653 ludibrium
429 1615 723 1664 exprobrabant,
760 1615 844 1652 illos
878 1615 1001 1662 dorso,
1034 1616 1132 1653 sicut
1164 1616 1347 1662 iumenta,
1382 1629 1497 1654 onera

88 1690 260 1735 gestare:
299 1684 590 1733 interrogabant
627 1684 744 1721 etiam
777 1697 870 1721 num
907 1685 1027 1722 maior
1060 1685 1244 1734 Neptuno
1276 1685 1498 1722 Alexander

89 1759 197 1792 esset.
256 1754 339 1800 Qua
371 1754 621 1791 insectatione
655 1753 892 1791 alacritatem
929 1754 1097 1791 militum
1134 1754 1375 1801 accendente,
1410 1768 1496 1792 cum

87 1822 244 1872 paulum
271 1822 390 1859 moles
418 1835 466 1859 ex
494 1835 593 1871 aqua
621 1822 818 1868 emineret,
849 1821 957 1871 Tyrii
976 1822 1126 1860 levibus
1154 1823 1317 1873 navigiis
1345 1823 1496 1861 advecti

87 1891 294 1928 missilibus
322 1891 503 1928 lacessere
522 1891 684 1928 militem
713 1896 752 1928 et
779 1890 827 1928 ad
857 1904 985 1928 curam
1014 1897 1134 1929 semet
1162 1893 1263 1942 ipsos
1294 1894 1427 1931 tuendi
1448 1894 1495 1931 ab

90 1961 267 2010 operibus
283 1963 515 1996 convertere.

615 2046 691 2082 lee
710 2047 802 2083 Fal!
817 2047 864 2094 (ff
878 2048 979 2094 Dm.

141 2128 441 2177 205.—Neque
478 2129 737 2167 obsessoribus
771 2143 884 2179 opere
914 2130 1072 2180 impune
1106 2131 1265 2182 defungi
1302 2132 1422 2180 licuit,
1456 2134 1496 2170 in

88 2211 183 2248 quos
203 2198 355 2235 crebrae
383 2198 602 2247 eruptiones
631 2199 680 2236 ab
708 2199 911 2248 oppidanis
930 2200 1086 2246 fiebant,
1107 2204 1335 2250 tantumque
1364 2202 1496 2239 damni

88 2266 203 2304 toties
221 2267 372 2304 illatum
401 2271 458 2304 est
486 2272 530 2304 ut
556 2267 779 2305 Alexander
807 2282 926 2318 paene
956 2282 1043 2306 suos
1073 2269 1260 2307 abducere
1285 2275 1492 2320 cogeretur.

88 2335 144 2373 Eo
163 2340 293 2373 tamen
313 2336 441 2374 studio
461 2336 656 2375 nitebatur
674 2337 784 2375 miles
810 2343 853 2375 ut
881 2339 971 2376 urbs
992 2338 1147 2376 tandem
1172 2352 1258 2376 cum
1278 2340 1495 2378 continenti
