1559 2463
104 93 151 124 42
331 80 569 118 SECOND
597 81 787 117 LATJN
806 82 1084 119 READJNG
1110 82 1282 119 BOOK.
1339 80 1457 133 [PART
1478 94 1500 119 1.

569 192 739 228 Caesar’s
757 194 855 229 Rule
874 193 912 229 in
938 194 1050 231 Gaul.

156 286 451 325 89.-Ineunte
470 299 558 323 vere
580 286 719 324 Caesar
746 286 785 323 in
815 286 979 324 Galliam
1007 287 1200 337 ingressus
1228 288 1330 326 intra
1358 293 1505 338 septem

104 366 223 390 annos
260 358 383 391 totam
420 354 615 404 regionem
652 367 740 392 suae
779 354 937 392 ditionis
973 355 1076 401 fecit,
1111 360 1150 393 et
1185 356 1226 393 in
1262 356 1504 395 Britanniam

105 421 350 471 expeditione
379 422 481 460 facta
513 423 663 472 regulos
696 423 843 472 aliquot
870 423 1024 472 proeliis
1043 424 1145 461 vicit.
1204 424 1326 462 Erant
1354 424 1507 463 Caesari

104 490 226 527 multa
263 490 375 528 simul
416 491 575 541 agenda,
616 505 701 528 cum
742 492 967 529 continuum
1008 492 1087 530 fere
1124 492 1267 530 bellum
1304 493 1344 530 in
1382 493 1508 531 Gallia

104 563 311 608 gereretur,
349 572 472 608 neque
513 564 641 598 tamen
684 559 844 598 auderet
884 573 944 598 res
986 560 1130 598 Romae
1173 560 1374 611 negligere.
1433 561 1508 599 Per

105 631 232 664 totum
268 627 338 665 hoc
375 632 527 677 tempus
564 628 692 665 onmia
730 641 777 665 ex
815 628 1006 665 sententia
1043 633 1261 666 evenerunt.
1320 628 1508 667 Parcebat

105 694 229 743 victis,
265 708 427 744 quorum
457 696 487 732 si
516 696 581 745 qui
610 697 648 733 in
678 696 798 733 officio
826 709 979 734 manere
1007 696 1161 743 vellent,
1192 697 1232 734 in
1265 710 1328 734 eos
1361 710 1509 735 summa

105 763 344 800 humanitate
382 764 572 801 utebatur.
641 764 703 801 Ita
749 764 959 801 conciliatis
1005 763 1204 802 Gallorum
1241 765 1390 811 animis,
1427 766 1508 803 vias

106 832 266 878 munire,
301 832 459 869 flumina
490 832 673 881 pontibus
705 832 872 882 iungere,
903 845 1028 869 mores
1051 836 1090 870 et
1122 832 1302 870 instituta
1334 833 1509 870 Romana

106 900 246 937 inferre
280 901 412 950 coepit.
471 900 625 947 Quanta
661 905 790 938 autem
827 901 1032 950 prudentia
1063 901 1299 950 provinciam
1332 901 1510 939 adminis-

107 969 277 1014 traverit,
300 968 532 1006 documento
553 973 610 1006 est
633 968 735 1017 quod
764 968 866 1006 Galli
894 969 1077 1006 adversus
1106 969 1300 1007 Romanos
1328 969 1509 1007 dimicare

108 1036 303 1073 desierunt
326 1050 448 1086 neque
469 1036 697 1074 seditionem
725 1037 895 1074 inierunt
914 1050 961 1074 ne
981 1050 1024 1075 eo
1046 1037 1202 1086 quidem
1232 1042 1403 1087 tempore
1424 1051 1510 1075 cum

108 1105 248 1143 Caesar
267 1106 477 1143 exercitum
498 1106 536 1143 in
558 1106 710 1143 Italiam
730 1106 895 1144 reduxit.

496 1257 571 1292 The
589 1257 626 1292 Α
630 1257 722 1292 elion
741 1257 785 1304 (ff
796 1257 854 1292 tlte
878 1256 1144 1292 Trimnvirate.

162 1346 456 1387 {aa—Interim
484 1346 624 1384 Cacsar
653 1347 888 1384 occasionem
917 1347 1199 1396 opperiebatur,
1230 1360 1353 1396 neque
1381 1352 1510 1385 tamen

110 1429 129 1452 e
150 1415 276 1452 Gallia
299 1415 482 1452 excedere
502 1415 658 1452 volebat
676 1428 762 1451 cum
789 1427 928 1464 magno
956 1415 996 1451 in
1025 1427 1110 1452 aere
1139 1414 1263 1452 alieno
1292 1428 1414 1465 neque
1443 1429 1512 1465 par

110 1484 293 1521 solvendo
313 1488 424 1529 esset,
453 1483 670 1532 multosque
698 1483 872 1521 homines
901 1483 966 1532 qui
995 1483 1204 1532 plurimum
1231 1483 1333 1533 apud
1361 1484 1511 1533 plebem

111 1553 291 1590 valebant
320 1553 391 1589 sibi
424 1552 623 1590 conciliare
652 1556 815 1602 cuperet.
875 1552 971 1590 Cum
1005 1552 1133 1589 omnia
1161 1565 1276 1601 penes
1305 1557 1382 1590 tres
1409 1553 1511 1591 viros

111 1627 250 1669 essent,
271 1622 477 1671 Pompeius
498 1627 537 1659 et
556 1622 715 1659 Crassus
741 1622 912 1659 consules
935 1622 1038 1668 facti,
1060 1623 1262 1672 imperium
1282 1623 1453 1661 Caesaris
1473 1625 1511 1661 in

112 1691 418 1741 quinquennium
437 1691 601 1728 alterum
620 1695 932 1740 prorogaverunt.
978 1691 1161 1740 Pompeio
1182 1691 1380 1740 Hispania,
1402 1692 1514 1741 Syria

112 1761 248 1798 Crasso
269 1759 464 1808 provincia
484 1759 630 1808 obtigit.
687 1758 791 1805 Quae
811 1759 984 1808 patribus
1003 1759 1159 1796 minime
1180 1759 1283 1797 cordi
1306 1773 1398 1807 esse,
1419 1773 1513 1810 quos

112 1843 189 1866 non
208 1827 346 1865 fefellit
365 1827 445 1864 fore
466 1832 509 1864 ut
529 1828 734 1864 auctoritas
755 1840 822 1864 sua
841 1827 1089 1874 minueretur,
1106 1827 1216 1864 simul
1237 1833 1380 1877 quanto
1401 1841 1513 1878 opere

113 1902 262 1934 mutata
276 1900 376 1933 esset
391 1895 614 1945 respublica,
630 1908 768 1945 gnaros
788 1896 948 1944 imperio
968 1896 1182 1944 potiturum
1202 1897 1512 1946 potentissimum

114 1978 302 2015 quemque
322 1978 390 2014 pro
410 1970 453 2002 ut
473 1964 617 2002 occasio
639 1965 672 2002 ei
692 1964 821 2002 oblata
840 1969 947 2001 esset.

478 2115 676 2162 Breaking
692 2119 739 2161 up
758 2114 802 2161 of
813 2114 872 2150 tlze
896 2115 1156 2151 Triumvz‘rate.

168 2206 403 2247 9l.—Circa
449 2204 520 2243 hoc
566 2210 717 2255 tempus
753 2205 805 2243 M.
846 2205 1005 2243 Crassus
1045 2205 1086 2242 in
1128 2205 1278 2255 Syriam
1324 2205 1517 2255 profectus

116 2276 297 2313 adversus
324 2275 488 2312 Parthos
517 2274 801 2324 expeditionem
831 2275 1005 2323 suscepit.
1062 2274 1139 2311 Sed
1169 2287 1253 2311 cum
1273 2274 1321 2311 ad
1341 2273 1516 2320 Carrhas,

116 2344 155 2382 id
189 2344 273 2382 vico
306 2356 446 2381 nomen
480 2343 568 2389 fuit,
602 2348 735 2380 contra
772 2343 900 2380 omina
932 2348 971 2381 et
1002 2343 1170 2392 auspicia
1203 2343 1389 2392 proelium
1422 2355 1518 2379 com-
