1559 2463
1 2392 3 2422 l

43 72 145 97 PART
166 59 207 111 1.]
456 59 720 96 HISTORY
748 58 824 95 OF
843 59 1025 96 ROME.
1393 69 1439 103 43

41 168 219 215 misisset,
249 182 270 206 a
299 168 455 214 Surena,
484 166 624 204 Orodis
651 165 751 215 regis
780 165 886 213 duce,
916 166 1041 203 victus
1067 170 1106 204 et
1133 164 1358 202 interfectus
1387 168 1444 201 est

41 249 127 273 cum
155 236 244 283 filio,
266 235 475 273 clarissimo
499 240 538 272 et
561 233 888 284 praestantissimo
916 234 1063 271 iuvene.
1121 234 1279 271 Mortuo
1307 232 1443 271 Crasso

41 305 142 342 inter
169 318 208 342 se
237 305 439 342 dissentire
469 308 675 353 coeperunt
703 302 843 340 Caesar
864 307 903 340 et
926 302 1141 352 Pompeius,
1164 315 1249 339 cum
1268 301 1445 338 viderent

42 386 229 411 summam
261 378 494 422 potestatem
526 384 643 421 penes
675 385 714 409 se
748 385 839 417 esse,
871 384 996 421 neque
1030 371 1127 409 alter
1159 371 1280 417 alteri,
1312 375 1356 407 ut
1388 370 1441 415 fit,

42 442 158 480 vellet
183 441 374 479 decedere.
434 440 531 478 Inde
551 441 663 477 ambo
683 441 810 489 copias
838 439 1083 486 conscribere,
1105 439 1277 477 favorem
1305 438 1445 476 civium

42 510 241 548 conciliare
272 510 344 547 sibi
373 509 511 553 conari,
540 508 696 545 minime
726 508 851 558 ignari
878 508 1021 546 beilum
1050 508 1159 545 civile
1187 512 1340 545 tantum
1367 520 1444 544 non

43 578 172 616 adesse
193 583 231 615 et
250 591 319 627 pro
339 577 499 627 imperio
520 576 781 614 dimicandum
799 576 887 614 fore.

425 751 621 788 lalcreased
637 752 775 787 Power
790 751 833 798 (f
846 751 1047 798 Pompeias.

96 844 443 894 92.-Pompeius,
481 843 540 880 cui
581 848 625 880 nt
666 856 780 892 supra
816 842 1122 880 demonstratum
1164 848 1222 881 est
1260 843 1449 893 Hispania

44 918 235 958 evenerat,
258 918 390 950 contra
412 912 536 961 legem
563 912 603 948 in
631 912 724 949 urbe
745 916 999 949 commoratus
1026 912 1175 949 senatui
1199 912 1388 961 persuasit
1407 917 1451 949 ut

45 982 291 1031 magistratus
311 981 382 1019 sibi
402 981 441 1018 in
463 980 767 1030 quinquennium
793 985 1072 1030 prorogaretur.
1131 980 1214 1028 Quo
1234 981 1391 1018 consilio
1412 994 1449 1018 se

46 1051 247 1088 Caesarem
266 1050 441 1099 potentia
461 1054 728 1099 superaturum
748 1062 827 1087 esse
844 1049 1009 1095 rebatur,
1027 1049 1130 1099 quod
1145 1050 1224 1099 ipse
1241 1049 1449 1087 exercitum

45 1119 246 1156 habiturus
275 1124 374 1156 esset
394 1132 438 1156 eo
456 1123 629 1167 tempore
649 1131 735 1155 cum
755 1117 896 1155 Caesar
915 1131 954 1155 se
972 1118 1200 1168 magistratu
1224 1118 1446 1156 abdicasset.

45 1188 207 1225 Interim
235 1188 376 1225 maiore
406 1188 445 1224 in
474 1187 555 1224 dies
583 1191 774 1236 potestate
802 1186 884 1223 fieri
916 1186 1132 1236 Pompeius,
1164 1200 1250 1224 cum
1279 1187 1450 1237 quotidie

45 1257 150 1294 rixae
187 1257 227 1293 in
263 1257 356 1293 urbe
394 1255 695 1301 exardescerent,
734 1268 857 1305 neque
895 1255 995 1293 cives
1032 1269 1054 1294 a
1089 1256 1274 1305 patribus,
1314 1256 1452 1306 quibus

47 1338 182 1374 parum
211 1324 451 1362 auctoritatis
483 1323 569 1370 fuit,
599 1324 757 1361 retineri
789 1328 955 1373 possent.
1014 1323 1124 1371 Quod
1157 1325 1223 1362 ubi
1256 1325 1452 1375 cognitum

48 1393 212 1439 Caesari,
241 1393 355 1430 rebus
388 1392 576 1430 novandis
609 1392 798 1439 studebat,
830 1392 1074 1430 consiliorum
1106 1393 1267 1443 Pompei
1295 1394 1452 1431 minime

48 1462 210 1512 ignarus.
270 1461 374 1508 Quae
395 1474 479 1499 cum
498 1462 553 1498 ita
573 1466 711 1508 essent,
728 1461 871 1499 bellum
891 1462 1001 1499 civile
1021 1462 1220 1500 imminere
1240 1463 1451 1510 constabat,

49 1542 171 1579 neque
191 1530 303 1567 aliter
321 1529 481 1567 iudicari
500 1542 610 1578 posse
630 1530 708 1566 utri
728 1543 877 1567 summa
896 1534 1066 1579 potestas
1086 1529 1296 1568 deferenda
1314 1536 1421 1568 esset.

340 1697 415 1732 The
440 1696 628 1733 Oatbreak
647 1697 694 1743 of
704 1697 763 1732 the
787 1697 907 1734 Great
931 1697 1034 1734 Cz'zvz'l
1062 1699 1163 1734 War.

102 1780 367 1829 93.—Itaque
388 1780 527 1817 Caesar
546 1780 668 1818 literis
687 1780 736 1818 ad
757 1788 933 1818 senatum
961 1781 1086 1818 missis
1114 1781 1290 1830 poposcit
1319 1786 1362 1818 ut
1390 1787 1456 1818 aut

50 1849 130 1898 ipse
150 1849 432 1898 Pompeiusque
453 1849 679 1898 magistratu
701 1849 813 1886 simul
834 1862 872 1885 se
892 1848 1116 1886 abdicarent
1136 1854 1202 1886 aut
1221 1855 1265 1886 ut
1285 1849 1356 1887 sibi
1372 1863 1456 1887 con-

52 1916 218 1954 sulatum
246 1920 376 1965 petere
404 1916 535 1953 liceret
573 1917 732 1962 absenti,
762 1916 863 1954 nolle
893 1916 995 1953 enim
1023 1929 1104 1954 sese
1132 1916 1296 1954 Romam
1325 1916 1456 1954 venire

52 1985 125 2021 nisi
155 1984 286 2022 eadem
320 1984 392 2021 sibi
426 1998 521 2034 quae
564 1985 746 2034 Pompeio
784 1985 990 2022 auctoritas
1019 1998 1194 2022 concessa
1222 1990 1330 2024 esset.
1388 1985 1458 2022 Re-

53 2052 260 2089 nuentibus
293 2052 466 2101 patribus
495 2052 571 2090 duo
600 2066 619 2090 e
647 2054 813 2090 tribunis
841 2053 963 2102 plebis
990 2054 1057 2091 ubi
1085 2053 1258 2092 Caesaris
1287 2067 1457 2092 caussam

53 2122 196 2159 frustra
215 2127 474 2171 susceperunt,
495 2122 627 2160 re1icta
652 2122 746 2160 urbe
775 2122 823 2159 ad
852 2122 1024 2160 Caesaris
1053 2128 1176 2160 castra
1205 2137 1243 2160 se
1271 2136 1455 2173 recepere.

55 2191 93 2227 Is
121 2195 251 2228 autem
279 2191 513 2229 occasionem
550 2191 708 2228 tandem
745 2197 879 2228 nactus
915 2192 1009 2228 fines
1047 2191 1181 2229 Italiae
1220 2192 1382 2237 traiecit,
1421 2206 1459 2229 se

56 2259 231 2296 tribunos
268 2259 442 2296 homines
480 2265 738 2297 sacrosanctos
767 2263 900 2297 contra
936 2265 1065 2309 patres
1093 2260 1222 2297 iuvare
1252 2260 1348 2296 velle
1377 2274 1459 2309 pro-

56 2327 188 2364 fessus
247 2327 330 2374 Qua
357 2340 396 2365 re
426 2328 580 2377 cognita
616 2328 822 2376 Pompeius
860 2328 894 2364 ei
932 2329 1058 2365 resisti
1094 2341 1170 2365 non
1208 2342 1317 2378 posse
1354 2334 1461 2366 ratus
