1559 2463
95 74 142 109 74
299 64 539 100 SECOND
565 64 752 100 LATJN
773 64 1051 103 READING
1079 65 1248 102 BOOK.
1302 63 1422 115 [PART
1442 77 1483 102 11.

92 186 219 211 morae
238 174 422 212 taederet.
478 175 614 224 Itaque
642 175 755 212 multi
783 189 832 212 ex
851 176 1025 222 obsessis,
1045 175 1224 214 idoneam
1252 177 1486 214 occasionem

91 242 205 289 nacti,
236 256 284 279 ex
312 242 452 292 oppido
489 247 606 280 noctu
646 248 853 292 erumpunt
889 248 928 281 et
961 244 1078 281 caesis
1105 244 1285 294 vigilibus
1312 244 1486 282 Athenas

91 310 301 348 incolumes
328 316 594 360 pervenerunt.
653 312 788 361 Neque
816 320 945 349 tamen
984 313 1162 361 Spartani
1199 313 1397 351 obsidione
1427 313 1488 351 de-

92 379 284 416 stiterunt.
342 379 590 429 Consumptis
609 381 767 418 tandem
786 382 1059 419 commeatibus
1079 381 1260 430 oppidani
1279 395 1317 418 se
1337 381 1489 419 dedide-

92 452 189 484 runt.
248 447 295 495 In
324 448 466 485 incolas
496 449 674 486 atrociter
703 449 900 496 saevitum,
923 450 1061 498 quibus
1090 449 1138 487 ad
1166 462 1285 486 unum
1313 449 1488 487 omnibus

92 514 221 560 caesis,
244 515 426 563 oppidum
447 515 526 553 solo
547 520 753 564 aequatum
772 520 838 554 est.

344 677 523 713 Phormio
542 677 676 724 defeats
695 678 753 713 the
772 678 1080 725 Peloponnesium
1099 682 1142 713 at
1158 678 1240 715 Sea.

149 766 463 806 153.—Interim
491 767 747 805 Athenienses
779 767 836 805 ira
872 772 911 805 et
948 767 1211 817 desperatione
1249 768 1490 805 exulcerante

93 835 241 872 animos
257 835 490 872 occasionem
505 835 679 873 hostibus
694 835 856 873 nocendi
872 836 1175 885 opperiebantur.
1225 836 1347 873 Erant
1362 841 1490 874 autem

94 903 295 952 Naupacti,
318 903 420 952 quod
437 903 619 952 oppidum
636 904 680 941 ad
700 918 740 941 os
757 904 860 941 sinus
875 904 1111 941 Corinthiaci
1127 904 1243 941 situm
1258 909 1349 950 erat,
1368 904 1491 942 coloni

94 972 276 1009 Messenii
304 972 478 1009 nonnulli
507 973 572 1021 qui
600 986 622 1009 a
649 973 774 1022 patria
802 973 841 1010 in
871 972 1166 1021 exsiliumpulsi
1186 972 1329 1010 ibidem
1349 973 1491 1010 auxilio

94 1041 391 1078 Atheniensium
438 1042 638 1079 constituti
684 1046 802 1080 erant.
883 1042 1020 1091 Itaque
1065 1041 1189 1078 visum
1227 1046 1285 1078 est
1320 1041 1409 1078 inde
1451 1041 1491 1078 in

94 1109 361 1146 Ambraciotas
395 1108 671 1158 Spartanorum
709 1110 829 1147 socios
862 1109 1146 1158 expeditionem
1184 1114 1286 1146 terra
1322 1109 1491 1158 marique

94 1177 290 1225 suscipere.
349 1177 485 1226 Neque
505 1191 549 1215 ea
567 1191 627 1215 res
644 1178 798 1215 omnino
815 1191 863 1214 ex
882 1178 1075 1215 sententia
1094 1177 1234 1223 evenit,
1255 1190 1339 1214 cum
1358 1190 1492 1225 parum

94 1245 352 1283 Ambraciotis
392 1246 561 1283 nocitum
607 1250 729 1293 esset;
775 1246 1047 1283 Phormionem
1093 1250 1233 1292 autem,
1272 1245 1337 1294 qui
1383 1245 1492 1282 classi

94 1314 391 1351 Atheniensium
411 1318 594 1363 praeerat,
617 1314 675 1351 bis
696 1314 885 1362 insignem
909 1314 1107 1351 victoriam
1138 1313 1184 1351 de
1204 1313 1492 1362 Peloponnesiis

94 1388 304 1431 reportasse
334 1388 493 1429 constat,
516 1383 689 1431 quamvis
717 1384 855 1431 exiguo
884 1383 1040 1419 navium
1069 1395 1227 1420 numero
1247 1395 1336 1419 usus
1355 1394 1492 1430 nequa—

95 1463 208 1499 quam
237 1464 305 1499 par
332 1450 507 1487 hostibus
536 1450 739 1488 videretur.
797 1452 977 1487 Ueterum
1005 1463 1049 1487 eo
1078 1449 1206 1487 studio
1235 1462 1278 1486 ea
1296 1449 1434 1498 peritia
1453 1450 1492 1486 in

94 1519 264 1556 hostium
291 1532 407 1556 naves
436 1520 483 1556 ab
503 1519 803 1556 Atheniensibus
822 1519 987 1567 impetus
1006 1518 1110 1564 facti,
1129 1523 1172 1555 ut
1188 1518 1375 1566 oppressis
1395 1518 1489 1564 aliis,

95 1587 179 1624 aliis
199 1588 330 1636 captis,
351 1587 518 1636 reliquae
538 1587 577 1624 in
598 1587 727 1636 fugam
748 1600 786 1624 se
806 1587 1027 1635 receperint.

601 1755 731 1790 li’ewlt
748 1753 793 1800 of
805 1754 991 1800 Mitylene.

150 1846 422 1885 154.—Anno
442 1845 659 1895 insequenti
679 1845 806 1882 Lesbii
826 1858 848 1882 a
867 1845 1065 1894 Spartanis
1091 1845 1284 1882 sollicitati
1307 1844 1491 1882 seditione

94 1916 195 1952 facta
232 1915 279 1952 ab
315 1915 619 1952 Atheniensibus
657 1915 908 1951 desciverunt.
968 1914 1078 1961 Quod
1108 1914 1173 1951 ubi
1206 1915 1401 1963 cognitum
1434 1919 1492 1951 est

95 1984 296 2021 confestim
337 1984 466 2032 copiae
504 1984 639 2021 missae
677 1996 774 2032 quae
811 1982 1037 2031 Mitylenen,
1078 1987 1190 2032 caput
1227 1982 1352 2028 Lesbi,
1390 1986 1492 2020 terra

95 2051 266 2100 marique
286 2052 514 2089 obsiderent.
574 2051 708 2100 Neque
724 2051 779 2088 ita
790 2051 913 2088 multo
934 2056 1020 2100 post
1035 2051 1189 2098 incolae,
1208 2064 1292 2088 cum
1305 2063 1493 2087 moraren-

96 2126 158 2157 tur
195 2119 464 2168 Peloponnesii
500 2132 623 2168 neque
664 2119 822 2156 classem
868 2119 1037 2156 subsidio
1083 2119 1244 2156 obsessis
1280 2118 1490 2164 mitterent,

95 2189 224 2237 inopia
243 2194 523 2225 commeatuum
542 2188 759 2225 laborantes
780 2201 817 2224 se
837 2187 1077 2225 dediderunt.
1136 2187 1280 2234 Quibus
1308 2186 1493 2224 nuntiatis

97 2257 215 2294 Cleon
238 2257 382 2294 civibus
402 2257 588 2306 persuasit
607 2262 651 2293 ut
669 2256 770 2293 viros
791 2269 921 2293 omnes
940 2256 1123 2293 trucidari
1137 2256 1335 2293 iuberent:
1364 2255 1492 2303 itaque

99 2325 205 2362 navis
233 2325 347 2362 missa
375 2332 442 2371 est,
465 2325 589 2363 edicto
618 2323 787 2369 ducibus,
810 2331 852 2361 ut
880 2324 1091 2362 interfectis
1114 2324 1216 2370 viris,
1238 2323 1341 2372 quod
1369 2335 1494 2371 super-
