1559 2463
89 108 107 131 2
311 94 546 130 SECOND
574 95 645 129 LA
658 93 762 128 TJN
782 93 1058 129 READJNG
1087 93 1254 129 BOOK.
1314 89 1432 141 [PART
1453 103 1474 129 1.

83 206 195 251 partu
225 201 350 239 editus
378 205 445 238 est.
502 200 540 237 Is
569 212 654 236 cum
683 199 785 236 inter
813 203 983 248 pastores
1011 199 1312 245 latrocinaretur,
1341 199 1482 237 duode-

84 270 223 319 viginti
242 283 362 307 annos
381 273 494 306 natus
514 268 648 305 urbem
675 267 854 317 exiguam
873 267 913 304 in
936 267 1112 305 Palatino
1131 272 1263 305 monte
1282 267 1481 305 constituit

83 351 183 376 anno
221 343 309 375 ante
356 337 554 376 Christum
599 341 734 373 natum
779 336 1120 386 septingentesimo
1166 336 1480 386 quinquagesimo

83 409 209 445 tertio.
266 406 433 444 Condita
452 405 619 451 civitate,
640 418 755 454 quam
784 417 831 442 ex
860 405 1013 442 nomine
1041 417 1109 442 suo
1137 404 1299 442 Romam
1318 404 1479 450 vocavit,

83 476 176 514 haec
203 475 282 513 fere
301 474 387 524 egit.
447 473 545 511 Cum
573 473 715 511 multos
734 487 754 510 e
774 473 947 511 finitimis
975 473 1014 510 in
1043 473 1239 510 civitatem
1266 473 1480 522 recepisset,

84 548 238 581 centum
268 556 315 580 ex
348 542 560 580 senioribus
591 541 694 591 legit,
730 555 824 591 quos
857 545 1049 579 senatores
1081 541 1296 579 nominavit
1327 545 1482 590 propter

84 615 331 656 senectutem,
361 623 523 660 quorum
551 609 707 647 consilio
736 610 863 647 omnia
890 614 1027 660 ageret.
1104 609 1211 656 Inde,
1233 622 1319 646 cum
1345 620 1483 646 uxores

83 681 164 730 ipse
187 685 226 717 et
245 679 408 729 populus
427 692 504 716 non
524 679 720 726 haberent,
742 678 916 716 invitatis
944 678 991 716 ad
1021 678 1277 728 spectaculum
1305 677 1483 715 ludorum

85 748 247 795 Sabinis,
277 747 445 797 Virgines
472 747 608 796 rapuit.
683 746 766 793 Qua
793 746 933 784 iniuria
961 747 1160 785 commotis
1188 746 1370 793 finitimis,
1394 746 1483 784 an-

85 818 262 855 ninenses
294 816 396 862 vicit,
433 815 713 863 Crustuminos,
747 816 963 862 Fidenates,
988 816 1174 855 Veientes.
1239 817 1379 854 Postea
1398 829 1483 853 cum

85 891 169 924 orta
188 886 314 924 subito
335 890 562 935 tempestate
582 898 659 922 non
680 885 953 935 comparuisset
971 885 1020 923 ad
1040 886 1131 923 deos
1156 886 1335 923 transisse
1355 897 1482 934 regem

85 955 238 993 aiebant
283 954 498 1003 optimates,
537 967 631 1003 quos
678 953 885 991 Romulum
930 953 1139 992 trucidasse
1185 954 1276 992 satis
1322 957 1478 991 constat.

85 1023 234 1061 Deinde
263 1023 407 1060 Romae
435 1035 503 1071 per
530 1022 666 1071 quinos
695 1021 777 1059 dies
806 1026 997 1059 senatores
1025 1022 1321 1071 imperaverunt,
1346 1022 1483 1071 quibus

85 1090 340 1141 regnantibus
360 1102 482 1127 annus
501 1102 600 1126 unus
620 1089 833 1138 completus
853 1096 920 1127 est.

597 1273 730 1308 quma
749 1273 966 1319 Pompilius.

139 1381 376 1422 3.—Postea
391 1380 520 1417 Numa
536 1380 747 1429 Pompilius
762 1394 830 1417 rex
845 1385 992 1418 creatus
1008 1385 1075 1427 est,
1093 1381 1158 1430 qui
1175 1381 1316 1418 bellum
1331 1381 1487 1430 quidem

86 1450 234 1487 nullum
266 1449 395 1499 gessit,
431 1448 498 1486 sed
518 1461 595 1486 non
627 1448 755 1486 minus
788 1448 935 1486 civitati
964 1462 1077 1498 quani
1110 1449 1297 1486 Romulus
1329 1449 1483 1498 profuit.

86 1519 188 1556 Nam
207 1522 246 1555 et
264 1517 367 1567 leges
394 1516 580 1555 Romanis
608 1529 808 1566 moresque
828 1517 1040 1564 constituit,
1063 1518 1127 1566 qui
1152 1521 1309 1567 propter
1336 1518 1487 1555 crebras

87 1588 127 1624 in
142 1586 325 1624 finitimos
340 1586 575 1623 incursiones
594 1585 764 1623 latrones
783 1586 1029 1634 putabantur,
1053 1591 1091 1623 et
1111 1599 1253 1623 annum
1273 1586 1486 1635 descripsit,

89 1655 128 1691 in
175 1653 307 1691 decem
351 1666 502 1690 menses
548 1653 653 1702 prius
699 1653 845 1690 incerto
883 1653 1031 1690 dierum
1078 1666 1236 1691 numero
1273 1653 1483 1691 confusum.

90 1722 236 1769 Quibus
269 1721 381 1759 rebus
414 1721 545 1770 gestis,
580 1734 665 1757 cum
697 1726 736 1757 et
776 1721 926 1758 infinita
958 1721 1102 1758 Romae
1135 1735 1240 1759 sacra
1272 1734 1314 1758 ac
1346 1721 1488 1770 templa

89 1789 361 1836 constituisset,
383 1789 517 1826 morbo
546 1788 721 1835 decessit,
743 1802 881 1838 magno
902 1801 986 1825 cum
1015 1789 1144 1827 dolore
1172 1789 1311 1827 civium
1330 1789 1395 1838 qui
1423 1802 1490 1838 per

90 1863 150 1896 tot
169 1870 288 1895 annos
308 1870 399 1907 pace
419 1857 529 1893 fruiti
549 1862 647 1894 sunt.

615 2031 746 2067 Tullus
766 2031 964 2067 Hostilius.

143 2145 347 2184 4.-Η1110
380 2145 558 2182 successit
595 2144 729 2182 Tullus
764 2144 963 2193 Hostilius,
996 2145 1062 2194 qui
1098 2145 1270 2183 Albanos
1306 2145 1489 2184 Veientes

91 2215 295 2253 Fidenates
344 2213 444 2251 bello
491 2213 695 2262 superavit,
735 2213 973 2262 Albanisque
1010 2213 1174 2252 Romam
1220 2215 1490 2264 transportatis

91 2283 226 2320 urbem
245 2281 443 2331 ampliavit
462 2281 610 2318 adiecto
630 2280 760 2319 Coelio
775 2286 915 2318 monte.
973 2281 1071 2319 Cum
1086 2281 1246 2332 triginta
1260 2282 1354 2320 duos
1369 2296 1489 2320 annos

92 2355 299 2401 regnasset,
321 2349 482 2388 fulmine
502 2349 600 2387 ictus
619 2362 705 2387 011111
724 2349 838 2387 domo
859 2362 928 2387 sua
946 2350 1050 2387 arsit.
