1559 2463
88 82 134 128 58
314 81 550 117 SECOND
578 82 767 117 LATJN
787 82 1065 119 READJNG
1092 83 1262 119 BOOK.
1297 79 1421 131 [PART
1442 92 1482 118 11.

86 188 125 223 in
153 186 436 236 Cappadociam
465 188 714 225 convenirent
742 187 874 226 edixit.
931 188 1078 225 Eodem
1106 188 1234 237 igitur,
1256 192 1299 225 ut
1326 192 1485 225 narrant

87 260 271 302 auctores,
288 256 428 305 copiae,
445 269 538 305 quas
554 256 808 306 quadraginta
823 269 889 293 sex
901 260 1035 306 gentes
1050 256 1245 303 miserant,
1262 269 1482 294 convenere.

87 324 299 361 Numerum
333 325 381 362 ad
414 324 538 362 decies
572 329 733 362 centena
765 325 871 362 milia
901 325 1017 362 fuisse
1052 325 1143 362 satis
1173 329 1332 362 constat.
1402 325 1485 362 Hos

86 392 233 429 Xerxes
262 391 401 430 Sardes
426 392 466 429 in
485 392 646 430 hiberna
665 392 838 439 deduxit,
860 393 900 430 in
920 393 1121 431 Graeciam
1149 406 1248 432 anno
1268 393 1486 442 insequenti

84 461 340 498 traducturus.
423 461 586 498 Ineunte
632 474 721 499 vere
766 474 835 499 rex
880 461 1084 511 imperavit
1129 466 1173 499 ut
1217 474 1285 510 per
1329 465 1485 510 pontem

85 529 303 566 traiicerent
331 528 639 578 Hellespontum.
714 529 850 579 Itaque
879 543 964 566 cum
1001 533 1148 578 septem
1176 528 1377 566 continuos
1406 528 1486 565 dies

86 597 324 647 totidemque
357 602 502 639 noctes,
524 597 597 634 iter
633 597 823 644 fecissent,
862 598 942 647 regi
979 598 1136 635 tandem
1173 598 1393 634 nuntiatum
1430 601 1488 633 est

87 678 217 703 omncs
238 666 363 716 copias
383 666 422 703 in
442 666 643 704 Thraciam
664 666 873 704 incolumes
893 666 1119 715 pervenisse.

522 833 561 868 T
554 832 598 868 lle
616 833 770 869 Resolve
788 832 832 879 (ff
844 833 902 868 tlze
925 833 1070 870 Greeks.

145 925 461 963 l2l.—Interim
490 924 783 962 Lacedaemonii
812 929 851 962 et
879 924 1146 969 Athenienses,
1182 923 1275 973 quid
1304 923 1375 961 sibi
1405 935 1489 960 con-

87 994 277 1031 stituisset
305 996 452 1030 Xerxes
481 993 660 1030 certiores
680 993 782 1038 facti,
815 993 1015 1030 civitatum
1043 992 1276 1041 reliquarum
1304 991 1490 1040 primores

87 1063 135 1100 ad
174 1062 364 1099 Isthmum
401 1066 629 1099 convocatos
666 1061 803 1099 docent
850 1066 995 1110 quanto
1032 1061 1070 1098 in
1117 1060 1284 1109 periculo
1321 1073 1380 1097 res
1418 1059 1491 1096 sit:

88 1134 279 1167 maturato
300 1143 394 1179 opus
407 1143 548 1167 essene
561 1130 698 1167 Persae
714 1129 988 1179 necopinantes
1004 1128 1314 1178 aggrederentur.
1354 1128 1490 1176 Itaque

88 1204 258 1236 oratores
292 1198 340 1235 ad
369 1198 536 1235 colonias
565 1198 767 1235 confestim
794 1198 901 1234 missi
930 1210 1041 1246 opem
1061 1197 1099 1234 in
1120 1209 1160 1234 re
1190 1201 1271 1234 tam
1291 1196 1492 1245 desperata

88 1268 261 1317 petitum.
333 1266 407 1313 Qui
444 1266 510 1304 ubi
546 1279 585 1303 re
623 1266 764 1303 infecta
800 1266 998 1303 redierunt
1033 1265 1258 1302 renuntiant
1304 1264 1490 1302 Gelonem

88 1342 296 1386 tyrannum
331 1336 656 1384 Syracusanorum
685 1348 729 1372 ea
761 1335 875 1372 modo
908 1334 1130 1372 condicione
1168 1333 1310 1371 auxilia
1336 1333 1491 1370 mittere

88 1405 186 1443 velle
224 1409 267 1441 ut
312 1404 391 1453 ipse
438 1404 548 1441 sociis
594 1408 806 1452 praeesset:
854 1403 1056 1440 Cretenses
1102 1415 1213 1452 opem
1259 1402 1492 1451 denegasse:

89 1470 320 1519 Corcyraeos
349 1471 505 1509 classem
533 1484 623 1509 sane
652 1471 894 1520 promisisse:
922 1470 1134 1508 verendum
1162 1470 1319 1508 tandem
1348 1483 1428 1507 esse
1447 1474 1491 1506 ut

88 1539 275 1588 promissa
294 1544 500 1577 servarent.
559 1539 642 1585 Qua
670 1552 735 1588 spe
756 1539 893 1576 deiecti
922 1539 1023 1585 socii,
1046 1538 1150 1577 domi
1170 1538 1286 1577 etiam
1306 1538 1489 1575 auxilium

89 1608 263 1657 pluribus
301 1608 521 1645 civitatibus
559 1612 715 1657 propter
752 1612 901 1645 veteres
939 1607 1153 1645 simultates
1199 1607 1489 1656 denegantibus,

90 1676 339 1713 nihilominus
359 1690 426 1726 pro
455 1676 579 1725 patria
606 1676 759 1713 fortiter
779 1675 959 1713 dimicare
989 1677 1239 1713 constituunt.
1297 1676 1433 1724 Itaque
1453 1688 1492 1712 se

92 1744 336 1782 iureiurando
366 1744 538 1794 adigunt,
569 1744 617 1781 ad
646 1744 825 1781 ultimum
855 1744 1103 1781 dimicaturos
1132 1757 1236 1781 sese:
1265 1743 1296 1780 si
1324 1742 1491 1792 periculo

90 1814 242 1851 liberati
274 1814 412 1860 forent,
433 1814 575 1851 bellum
605 1813 864 1862 proditoribus
902 1812 1086 1858 illaturos,
1117 1812 1302 1849 decimam
1331 1811 1492 1860 praedae

90 1888 237 1932 partem
258 1882 429 1931 Apollini
450 1882 703 1919 dedicaturos.

455 2040 656 2087 Plansfor
674 2040 733 2076 tlte
751 2039 910 2086 Dcffence
928 2038 971 2085 of
989 2038 1127 2075 Greece.

148 2140 618 2178 122.—Deliberantibus
631 2140 720 2177 inde
729 2153 803 2188 quo
816 2139 930 2176 modo
943 2139 1107 2188 patriam
1120 2137 1275 2175 defendi
1289 2140 1493 2186 oporteret,

93 2222 178 2246 cum
206 2213 337 2246 tantae
365 2208 535 2245 hostium
562 2208 805 2245 multitudini
832 2208 1007 2245 resistere
1036 2207 1075 2243 in
1103 2206 1181 2244 acie
1209 2206 1424 2254 nequirent,
1454 2205 1494 2242 in

94 2277 279 2327 angustiis
320 2277 510 2314 montium
556 2277 737 2313 dimicare
777 2277 924 2314 visum:
972 2276 1026 2313 ita
1070 2275 1172 2313 enim
1214 2275 1345 2312 decem
1390 2274 1496 2311 milia

94 2346 291 2382 hominum
320 2346 444 2383 decies
473 2346 643 2383 centenis
674 2345 827 2382 milibus
857 2358 966 2395 pares
996 2345 1085 2382 fore.
1144 2345 1279 2393 Itaque
1307 2342 1496 2381 exercitus
