1559 2463
69 61 170 86 PART
191 48 250 100 11.]
444 49 661 86 HISTOR
675 50 712 84 Y
736 50 810 86 OF
834 50 1083 87 GREECE.
1424 57 1469 95 53

65 157 287 206 Amyntam,
310 156 567 194 Macedonum
587 169 715 206 regem
734 156 849 202 misit,
872 156 938 205 qui
965 160 1107 193 terram
1137 159 1175 192 et
1203 167 1341 204 aquam
1361 154 1408 191 ab
1429 167 1472 191 eo

65 229 297 274 expeterent.
375 225 566 273 Amyntas
603 237 693 262 vero
728 224 928 261 fortiorem
974 223 1223 260 Mardonium
1261 236 1375 272 quam
1414 222 1472 259 cui

64 293 190 330 resisti
218 298 347 342 posset
374 298 492 339 ratus,
512 293 637 330 facere
666 305 746 330 sese
775 292 873 329 velle
902 291 1086 341 quicquid
1114 291 1345 341 imperatum
1374 295 1474 328 esset

65 361 255 410 professus
282 366 348 399 est.
399 362 497 399 Tum
517 361 692 398 Histiaeo
708 361 922 410 praemium
942 360 1084 398 servati
1104 360 1233 409 pontis
1253 359 1473 408 Myrcinum

65 429 247 467 Thraciae
280 429 475 479 regionem
511 429 788 466 fertilissimam
820 442 889 466 rex
922 428 1090 466 donavit.
1150 428 1187 464 Is
1220 432 1350 464 autem
1388 439 1473 463 cum

64 497 242 535 Miletum
272 498 566 547 Myr-cinumque
586 498 778 535 obtineret
806 498 919 534 rebus
948 496 1136 534 novandis
1161 497 1314 533 studere
1336 495 1468 544 coepit.

64 566 147 612 Qua
175 566 222 603 de
250 579 290 603 re
316 566 454 603 certior
473 566 596 604 factus
625 566 852 603 Mardonius
880 565 929 603 ad
958 565 1119 603 Darium
1148 565 1342 614 rescripsit
1363 578 1473 613 quae-

62 648 134 682 que
172 635 369 673 Histiaeus
405 635 445 672 in
483 636 610 673 animo
648 635 807 673 haberet
845 634 984 672 docuit.
1054 635 1189 683 Itaque
1223 634 1364 671 Darius
1402 633 1472 670 sub

62 703 226 752 speciem
271 704 460 742 amicitiae
506 704 729 742 arcessitum
777 704 995 741 Histiaeum
1043 703 1139 741 Susa
1172 716 1299 740 secum
1346 702 1470 747 duxit,

61 772 400 822 Aristagoramque
421 773 585 810 Histiaei
605 786 788 823 generum
807 777 1017 822 tyrannum
1036 772 1276 810 Milesiorum
1293 771 1374 809 eius
1390 771 1471 808 vice

61 841 272 887 constituit,
293 842 458 891 negabat
477 842 579 879 enim
599 855 637 879 se
658 842 739 879 sine
756 842 875 879 amico
896 842 1024 880 vivere
1044 854 1165 891 posse,
1189 841 1254 890 qui
1274 845 1354 878 tam
1373 840 1470 878 bene

61 908 108 946 de
128 922 167 946 se
187 910 346 947 meritus
367 915 476 948 esset.

571 1071 608 1105 T
602 1071 645 1105 he
664 1070 801 1105 Ionian
823 1071 963 1106 Revolt.

116 1159 422 1197 lll.—Interim
455 1159 702 1210 Aristagorae
740 1160 870 1197 oblata
907 1164 964 1197 est
1002 1160 1146 1197 occasio
1179 1173 1255 1209 qua
1292 1173 1330 1196 se
1361 1172 1468 1196 suam

57 1233 289 1278 potestatem
309 1234 510 1266 aucturum
530 1242 610 1266 esse
630 1229 808 1278 speravit.
859 1228 960 1266 Nam
978 1228 1163 1278 primores
1179 1227 1297 1265 Naxii
1317 1241 1339 1264 a
1358 1228 1469 1277 plebe

58 1297 206 1345 expulsi
226 1297 371 1347 legatos
391 1297 578 1334 miserunt
598 1302 640 1334 ut
660 1298 733 1335 sibi
753 1298 975 1335 subveniret
1001 1302 1165 1335 orantes.
1223 1297 1469 1346 Aristagoras

57 1370 186 1402 autem
219 1378 305 1402 cum
333 1365 404 1402 hoc
423 1379 491 1415 per
523 1379 561 1403 se
595 1366 720 1415 ipsum
748 1366 872 1403 facere
901 1366 1087 1415 nequiret,
1124 1365 1360 1415 Artapherni
1389 1378 1469 1414 per-

56 1434 175 1470 suasit
195 1438 237 1470 ut
256 1447 332 1470 una
353 1434 638 1483 expeditionem
658 1434 841 1472 adversus
861 1434 1008 1471 Naxios
1025 1434 1272 1483 susciperent,
1294 1434 1349 1471 ita
1365 1434 1467 1471 enim

57 1501 211 1539 Naxum
240 1502 407 1552 aliasque
436 1503 578 1541 insulas
608 1503 647 1540 in
676 1504 881 1541 Persarum
908 1508 1141 1552 potestatem
1175 1503 1373 1540 redactum
1408 1503 1466 1540 iri.

56 1570 132 1608 Sed
151 1571 411 1609 simultatibus
431 1572 678 1622 Aristagorae
699 1586 784 1610 cum
804 1573 898 1610 duce
916 1573 1119 1610 Persarum
1139 1572 1467 1610 intercedentibus

55 1652 190 1688 parum
209 1653 388 1689 prospere
417 1654 475 1678 res
496 1641 634 1679 evenit.
693 1642 792 1678 Tum
821 1642 1066 1691 Aristagoras
1085 1641 1183 1678 iram
1208 1641 1466 1690 Artaphernis

53 1708 208 1754 veritus,
231 1709 416 1747 suadente
437 1710 549 1747 simul
578 1710 752 1748 Histiaeo
779 1715 822 1747 ut
851 1724 872 1748 a
901 1711 1027 1747 Persis
1047 1711 1284 1757 descisceret,
1307 1710 1464 1748 consilio

55 1776 291 1814 Milesiorum
312 1783 533 1824 convocate,
550 1791 588 1815 se
608 1778 753 1816 diutius
769 1784 977 1828 tyrannum
993 1779 1073 1816 fore
1093 1779 1250 1828 negavit
1266 1794 1272 1815 ;
1303 1778 1464 1828 proinde

53 1844 257 1883 Persarum
277 1846 409 1895 iugum
437 1851 670 1885 excuterent.
730 1848 865 1897 Itaque
886 1852 1040 1885 auctore
1060 1847 1286 1898 Aristagora
1310 1847 1466 1896 tyranni

54 1926 102 1950 ex
121 1914 280 1952 urbibus
300 1915 450 1964 expulsi
471 1915 690 1966 bellumque
709 1917 837 1954 Persis
856 1916 1046 1954 indictum
1067 1921 1134 1955 est.

378 2093 452 2128 lee
471 2092 687 2128 Athenium
706 2092 819 2128 assist
835 2092 895 2128 tlze
913 2094 1140 2140 Jnsurgents.

106 2180 497 2230 lla—Aristagoras
527 2187 655 2219 autem
682 2195 824 2232 gnarus
854 2188 999 2232 quanta
1027 2188 1128 2221 esset
1156 2188 1328 2232 potestas
1347 2183 1460 2233 regis,

49 2247 90 2285 in
109 2248 309 2286 Graeciam
336 2250 417 2299 ipse
444 2250 639 2299 profectus
668 2251 855 2288 auxilium
883 2252 922 2289 in
952 2265 992 2289 re
1021 2258 1101 2289 tam
1130 2252 1331 2302 desperata
1357 2252 1460 2302 flagi-

49 2316 156 2355 tavit.
214 2317 311 2355 Cum
332 2317 540 2367 Spartanos
560 2319 703 2357 frustra
731 2319 1291 2369 temptavissetj'Athenienses
1319 2321 1460 2371 viginti
