1559 2463
25 65 126 90 PART
148 51 190 103 1.]
437 54 654 90 HISTOR
670 55 704 88 Y
729 54 804 90 OF
823 54 1004 91 ROME.
1378 65 1422 99 31

24 164 182 214 quisque
198 169 392 202 vereretur
410 178 458 201 ne
474 178 549 214 qua
568 164 692 202 clades
706 164 911 214 aliquando
932 164 1106 209 oriretur,
1129 177 1214 201 cum
1235 168 1429 201 constaret

23 237 150 282 patres
187 245 254 270 suo
293 245 481 281 quemque
519 232 718 270 commodo
752 232 917 278 studere,
952 245 1075 282 neque
1109 232 1278 270 civitatis
1310 232 1428 270 ullam

25 300 165 338 habere
185 301 382 338 rationem.

411 412 594 458 Gr07c¹ing
617 412 842 458 Corruple‘on
863 416 906 446 al
922 412 1047 447 Rome.

77 493 284 533 64.—T0t
329 494 479 543 populis
516 493 639 540 victis,
678 507 764 531 cum
809 507 999 543 nusquam
1045 500 1144 531 esset
1185 495 1319 532 civitas
1360 507 1429 543 par

22 561 216 607 Romanis,
239 575 315 599 una
334 562 425 599 urbs
445 562 519 599 toti
538 562 621 599 orbi
641 567 830 599 terrarum
850 562 1106 611 imperitabat.
1166 563 1279 600 Cives
1300 568 1428 600 autem

23 630 63 667 in
83 635 160 667 tres
183 636 310 680 partes
336 631 451 668 divisi
477 636 577 677 sunt,
599 631 805 681 optimates
825 631 974 680 equites
993 631 1141 681 vulgus.
1200 631 1428 681 Optimates,

22 704 66 735 ut
94 712 207 748 supra
235 699 593 745 demonstravimus,
616 700 847 749 reipublicae
876 706 1090 749 praeerant,
1120 700 1185 737 sed
1215 714 1299 738 cum
1327 700 1430 750 leges

23 767 64 804 in
84 768 246 805 comitiis
274 769 364 806 ferri
393 774 596 818 oporteret,
618 769 792 818 patribus
821 782 930 806 curae
951 774 1034 806 erat
1053 769 1168 819 vulgo
1188 769 1347 818 placere,
1369 782 1429 815 ne,

23 835 242 874 nolentibus
271 837 426 883 civibus,
459 837 562 886 quod
591 837 713 874 facere
739 837 893 883 vellent,
924 838 965 874 id
994 837 1098 875 nullo
1127 837 1242 875 modo
1272 838 1429 887 exsequi

22 911 186 954 possent.
244 906 380 955 Itaque
400 906 636 943 frumentum
663 906 810 944 civibus
837 906 1064 943 dividebant
1083 907 1340 956 magistratus,
1363 906 1429 956 qui

23 973 140 1011 etiam
168 974 277 1012 ludos
305 975 345 1012 in
375 975 471 1012 circo
492 988 630 1025 magna
658 975 831 1024 impensa
859 974 1104 1012 exhibebant.
1163 975 1299 1024 Itaque
1328 975 1429 1011 cives

24 1042 231 1081 deteriores
246 1044 286 1081 in
302 1044 382 1082 dies
402 1044 546 1081 fiebant
565 1057 651 1081 cum
670 1048 872 1093 appareret
892 1044 1017 1081 cibum
1037 1043 1223 1093 ludosque
1244 1043 1429 1081 circenses

23 1112 141 1161 gratis
170 1112 304 1150 datum
330 1113 387 1151 iri.
444 1113 604 1163 Equites
624 1118 764 1160 autem,
794 1113 859 1162 qui
886 1112 978 1150 olim
1003 1112 1196 1162 stipendia
1225 1112 1428 1158 faciebant,

22 1193 108 1218 raro
128 1182 277 1228 mereri,
298 1182 337 1219 in
357 1195 447 1232 opes
467 1182 743 1232 comparandas
764 1182 836 1219 toti
857 1182 1086 1219 incumbere.
1144 1182 1279 1231 Itaque
1300 1182 1429 1219 omnia

22 1249 63 1286 in
94 1250 202 1299 peius
234 1264 355 1297 ruere,
385 1252 558 1301 patribus
592 1264 779 1288 summam
811 1255 1043 1300 potestatem
1076 1263 1191 1300 penes
1220 1264 1258 1288 se
1287 1250 1427 1288 habere

24 1320 260 1366 conantibus,
284 1321 476 1369 equitibus
506 1320 663 1357 divitias
692 1319 1018 1366 coacervantibus,
1039 1319 1146 1369 segni
1174 1319 1284 1368 plebe
1304 1332 1427 1368 neque

24 1388 225 1437 quicquam
246 1394 392 1438 agente.

534 1477 572 1511 T
565 1476 609 1511 lae
627 1475 730 1511 State
749 1474 793 1521 (ff
805 1476 916 1521 Italy.

76 1559 319 1598 65.-—Italia
346 1572 436 1596 vero
465 1559 613 1596 tamdiu
642 1559 689 1596 ab
718 1558 936 1596 Hannibale
965 1562 1126 1604 vastata,
1157 1558 1299 1596 relictis
1327 1559 1428 1608 agris

23 1627 196 1665 homines
216 1628 256 1665 in
276 1628 426 1677 oppidis
454 1628 690 1665 habitabant.
751 1627 849 1665 Cum
878 1627 981 1664 enim
1010 1627 1150 1664 divites
1170 1641 1279 1677 agros
1299 1628 1428 1678 magni

24 1710 147 1734 emere
166 1696 310 1734 vellent
328 1709 452 1746 neque
472 1696 595 1734 coloni
622 1696 714 1734 satis
734 1696 916 1745 pecuniae
936 1695 985 1733 ad
1005 1696 1209 1733 emendum
1228 1696 1427 1743 haberent,

23 1778 139 1814 penes
168 1779 306 1815 paucos
334 1765 490 1815 praedia
517 1765 683 1811 fuerunt,
706 1778 803 1815 quae
827 1764 1003 1802 colebant
1030 1765 1140 1812 servi,
1166 1778 1251 1802 cum
1279 1765 1428 1803 facilius

24 1839 123 1872 esset
160 1847 355 1873 servorum
392 1847 507 1883 opera
539 1834 597 1870 uti
633 1847 747 1883 quam
779 1833 919 1871 liberos
952 1833 1172 1871 conducere.
1231 1833 1336 1880 Quae
1369 1847 1428 1872 res

25 1904 149 1941 effecit
174 1909 218 1941 ut
242 1903 366 1942 coloni
393 1903 432 1940 in
462 1902 612 1952 oppidis
641 1916 774 1952 segnes
802 1902 1033 1948 habitarent,
1054 1907 1121 1939 aut
1148 1903 1321 1941 mercede
1345 1917 1428 1942 con-

26 1972 131 2010 ducti
177 1972 368 2022 stipendia
409 1972 585 2009 facerent.
657 1971 806 2021 Itaque,
845 1971 1020 2020 quamvis
1061 1971 1260 2010 divitiores
1302 1978 1429 2011 essent

26 2040 202 2088 Romani,
234 2041 360 2078 minus
393 2041 474 2090 apti
506 2040 555 2078 ad
587 2040 687 2078 bella
720 2039 887 2090 gerenda
919 2039 1073 2085 fiebant,
1104 2053 1189 2077 cum
1221 2041 1428 2090 agrestium

25 2122 154 2159 genuS,
178 2122 340 2159 quorum
359 2109 518 2147 victoria
537 2109 652 2146 toties
679 2121 796 2158 penes
823 2109 1018 2146 Romanos
1047 2112 1216 2154 steterat,
1239 2121 1428 2158 nusquam

27 2183 271 2227 compareret.
329 2177 464 2227 Neque
498 2183 606 2227 grato
638 2177 679 2215 in
711 2177 872 2215 Latinos
905 2177 1032 2214 animo
1065 2176 1222 2214 fuerunt
1250 2177 1424 2226 Romani,

28 2246 200 2296 quamvis
233 2246 273 2283 in
306 2246 426 2284 officio
454 2246 761 2295 permansissent,
794 2245 860 2283 sed
894 2245 1010 2283 etiam
1042 2245 1088 2282 iis
1121 2258 1227 2294 spem
1263 2246 1429 2285 civitatis

27 2314 259 2351 ademerunt.
