1559 2463
78 71 182 95 PART
203 58 245 109 1.]
492 58 760 95 HISTORY
784 58 861 95 OF
880 58 1060 94 ROME.
1457 67 1473 101 7

76 166 231 203 servitia
258 179 392 215 regum
419 165 680 214 superborum,
703 177 792 202 suae
820 164 1012 201 libertatis
1039 163 1293 209 immemores,
1314 162 1477 201 alienam

76 238 339 283 oppugnatum
368 233 507 271 venire.
576 233 757 270 Cunctati
785 232 1021 281 aliquamdiu
1050 236 1163 279 sunt3
1192 231 1317 281 pudor
1342 230 1481 268 deinde

75 302 282 339 commovit
309 302 440 348 aciem,
462 306 511 347 ct,
533 301 696 339 clamore
725 301 885 347 sublato,
918 301 1087 349 undique
1116 300 1156 337 in
1184 313 1304 338 unum
1331 300 1481 337 hostem

74 371 153 408 tela
180 370 398 408 coniiciunt.
457 369 562 416 Quae
591 383 677 407 cum
704 370 744 407 in
772 369 922 407 obiecto
951 373 1087 406 cuncta
1115 373 1222 406 scuto
1255 368 1480 414 haesissent,

75 452 198 488 neque
226 439 290 476 ille
309 439 438 476 minus
457 439 675 476 obstinatus
693 438 842 488 ingenti
861 442 1020 487 pontem
1039 437 1234 475 obtineret
1251 436 1384 486 gradu,
1406 436 1483 473 iam

74 509 223 558 impetu
255 509 492 547 conabantur
524 507 729 546 detrudere
761 507 910 545 virum:
948 519 1034 544 cum
1072 505 1185 543 simul
1217 505 1346 555 fragor
1378 504 1481 554 rupti

74 577 212 626 pontis,
261 576 374 614 simul
412 576 554 614 clamor
590 576 867 622 Romanorum,
907 575 1104 612 alacritate
1150 573 1312 623 perfecti
1357 573 1481 622 operis

75 645 257 692 sublatus,
305 658 446 694 pavore
492 644 620 682 subito
666 644 854 694 impetum
900 643 1095 681 sustinuit.
1179 642 1287 679 Tunc
1336 641 1481 687 Cocles,

74 714 253 752 Tiberine
286 718 404 763 pater,
435 713 571 763 inquit,
605 718 654 759 te,
689 718 831 759 sancte,
865 726 1009 762 precor,
1043 712 1135 749 haec
1169 724 1274 749 arma
1307 715 1347 749 et
1379 710 1481 747 hunc

75 782 238 820 militem
263 783 430 833 propitio
459 783 616 819 flumine
645 782 817 832 accipias.
876 782 938 819 Ita
966 781 1018 819 sic
1046 785 1216 819 armatus
1244 780 1284 817 in
1312 779 1481 817 Tiberim

77 852 254 889 desiluit:
293 851 502 901 multisque
540 851 914 901 superincidentibus
951 850 1038 888 telis
1075 849 1276 888 incolumis
1314 848 1362 886 ad
1395 861 1483 886 suos

78 921 256 958 tranavit.

706 1043 739 1079 C
737 1043 858 1078 laelsa.

134 1143 468 1182 15.—Porsenam
488 1146 646 1180 narrant
665 1142 850 1180 Clacliam
868 1141 1058 1191 virginem
1084 1141 1206 1179 nobili
1224 1145 1339 1191 gente
1359 1144 1483 1178 ortam

76 1212 179 1249 inter
216 1212 368 1250 obsides
405 1211 604 1260 accepisse.
674 1211 772 1249 Cum
810 1211 890 1248 eius
928 1215 1051 1248 castra
1090 1210 1195 1247 haud
1231 1209 1363 1259 procul
1400 1209 1485 1258 ripa

79 1281 229 1319 Tiberis
249 1280 372 1317 locata
401 1284 537 1325 essent,
560 1279 745 1317 Claeliam
773 1279 942 1329 deceptis
970 1279 1193 1317 custodibus
1222 1282 1338 1316 noctu
1366 1291 1486 1327 egres-

78 1364 158 1388 sam
196 1363 336 1399 equum
373 1348 578 1398 arripuisse
615 1353 653 1385 et
690 1348 861 1385 Tiberim
897 1347 1025 1385 nando
1058 1347 1262 1385 traiecisse.
1336 1346 1485 1393 Quibus

79 1419 268 1456 nuntiatis
287 1431 416 1467 regem
436 1418 632 1455 incensum
651 1417 708 1454 ira
726 1417 890 1454 Romam
910 1416 1056 1466 legatos
1075 1416 1223 1453 misisse
1243 1415 1292 1453 ad
1312 1414 1485 1452 obsidem

78 1487 379 1538 reposcendam:
408 1487 602 1525 Romanos
623 1500 707 1524 eam
736 1500 783 1524 ex
812 1486 965 1524 foedere
994 1485 1217 1523 restituisse.
1276 1484 1376 1521 Tum
1396 1484 1486 1521 Por-

79 1569 210 1593 senam
243 1555 409 1593 Claeliae
438 1556 624 1593 virtutem
661 1555 894 1593 admiratum
928 1567 1011 1592 eain
1041 1553 1269 1599 laudavisse,
1303 1566 1346 1590 ac
1378 1557 1487 1602 parte

80 1624 258 1662 obsidum
288 1624 430 1662 donare
464 1637 502 1662 se
535 1624 700 1662 dixisse:
738 1623 900 1673 proinde
931 1623 1013 1673 ipsa
1046 1635 1141 1672 quos
1173 1621 1300 1668 vellet,
1331 1621 1483 1671 legeret.

80 1693 284 1731 Productis
304 1693 501 1731 obsidibus
522 1693 705 1731 Claeliam
725 1693 893 1743 virgines
913 1692 1072 1742 elegisse
1092 1696 1131 1729 et
1153 1704 1239 1728 cum
1258 1690 1304 1727 iis
1324 1690 1487 1727 Romam

80 1761 247 1799 rediisse.
320 1761 514 1799 Romanos
551 1775 691 1799 novam
734 1761 775 1798 in
812 1761 955 1799 femina
991 1760 1173 1797 virtutem
1213 1771 1313 1796 novo
1349 1771 1487 1807 genere

80 1830 236 1868 honoris
264 1829 438 1876 donasse,
459 1834 586 1867 statua
615 1830 793 1879 equestri,
823 1830 972 1879 virgine
1000 1829 1144 1866 scilicet
1171 1826 1363 1865 insidente
1390 1838 1488 1876 equo

81 1901 121 1938 in
142 1913 289 1938 summa
308 1900 371 1937 via
391 1913 495 1937 sacra
513 1900 648 1950 posita.

456 2080 494 2115 T
488 2079 531 2114 lle
548 2079 677 2114 Battle
695 2078 739 2125 (ff
751 2079 809 2114 tlze
828 2078 931 2113 Lake
949 2078 1124 2123 Regillus.

144 2177 342 2218 16.—Sed
362 2191 498 2227 operae
519 2183 576 2216 est
596 2179 807 2216 accuratius
828 2192 982 2216 narrare
1003 2183 1147 2227 quanta
1166 2178 1309 2215 virtute
1329 2177 1495 2216 Romani

89 2260 157 2296 pro
186 2247 379 2295 republica
407 2246 456 2283 ad
483 2246 607 2284 lacum
636 2247 828 2297 Regillum
857 2247 1137 2284 dimicaverint.
1195 2247 1240 2284 A.
1273 2247 1494 2284 Postumius

90 2315 267 2361 dictator,
288 2314 330 2352 T.
354 2315 544 2352 Aebutius
576 2315 759 2365 magister
787 2316 972 2364 equitum,
996 2316 1145 2365 maguis
1174 2316 1290 2365 copiis
1320 2316 1493 2365 peditum
