1559 2463
48 63 152 90 PART
172 50 251 101 111.]
365 49 735 87 ALEXANDER
769 49 888 84 THE
921 48 1130 85 GREAT.
1380 59 1446 82 111

493 170 699 218 Szffrings
718 169 762 216 (ff
772 171 831 205 tlte
857 170 895 205 T
890 175 1002 217 νοσῇς.

101 255 398 304 227.—Itaque
426 255 592 304 primum
625 254 752 300 animi,
779 253 917 291 deinde
953 265 1111 302 corpora
1136 252 1295 290 deficere
1326 264 1453 300 coepe-

50 330 148 362 runt.
198 324 359 374 Pigebat
379 327 417 360 et
436 323 642 360 consistere
662 327 700 360 et
719 321 908 372 progredi.
959 322 1076 359 Pauci
1096 334 1118 358 a
1136 321 1270 370 peritis
1288 321 1453 370 regionis

50 393 235 431 admoniti
273 396 499 441 praeparata
534 403 633 440 aqua
678 390 869 439 paulisper
910 402 1123 439 repressere
1161 389 1276 435 sitim,
1315 388 1454 426 deinde

51 467 240 499 crescente
261 466 369 498 aestu
396 472 525 496 rursus
553 459 786 497 desiderium
814 471 932 508 aquae
961 471 1161 496 accensum
1180 463 1246 496 est.
1306 457 1455 505 Itaque,

52 529 231 580 quicquid
245 529 325 566 vini
346 528 493 578 oleique
509 533 600 574 erat,
618 528 658 565 id
675 529 802 565 oribus
817 528 1073 577 ingerebatur,
1090 531 1274 576 tantaque
1295 524 1455 563 dulcedo

51 599 207 637 bibendi
228 598 312 645 fuit,
333 604 377 635 ut
396 598 435 634 in
455 602 651 646 posterum
672 597 754 634 sitis
774 609 851 633 non
879 597 1088 633 timeretur.
1147 595 1294 632 Graves
1317 594 1457 632 deinde

52 667 162 705 avide
182 667 319 704 hausto
347 666 494 715 liquore
522 679 601 703 non
630 666 817 702 sustinere
846 678 960 711 arma,
982 678 1059 702 non
1087 664 1235 714 ingredi
1266 668 1454 713 poterant.

52 737 224 773 Anxium
253 748 380 785 regem
407 735 527 771 tantis
554 734 664 771 malis
693 734 909 771 circumfusi
930 734 1040 771 amici
1070 739 1114 771 ut
1143 733 1380 771 meminisset
1401 733 1457 769 sui

53 805 235 842 orabant:
266 803 381 840 animi
411 804 468 840 sui
497 803 802 852 magnitudinem
830 803 985 840 unicum
1013 802 1224 840 remedium
1247 801 1459 839 deficientis

54 873 241 911 exercitus
270 885 358 910 esse.
418 872 581 909 Interim
609 885 656 909 ex
684 872 743 908 his
772 873 837 921 qui
860 877 1144 921 praecesserant
1163 871 1211 908 ad
1231 869 1459 920 capiendum

53 942 177 979 locum
209 941 341 978 castris
371 940 447 977 duo
478 947 692 986 occurrunt,
714 942 863 978 utribus
894 953 1031 989 aquam
1059 945 1264 990 gestantes,
1288 944 1332 976 ut
1360 939 1459 982 filiis,

55 1011 119 1060 qui
156 1011 196 1047 in
229 1010 379 1059 agmine
417 1014 539 1055 erant,
578 1009 835 1047 subvenirent.
895 1009 968 1056 Qui
1006 1022 1091 1046 cum
1128 1008 1168 1045 in
1205 1020 1334 1057 regem
1371 1007 1461 1043 inci-

55 1078 213 1123 dissent,
234 1078 331 1115 alter
355 1091 401 1114 ex
421 1077 466 1114 iis
486 1081 571 1114 utre
599 1077 767 1114 resoluto
787 1090 854 1115 vas
883 1078 986 1126 quod
1015 1077 1127 1114 simul
1155 1077 1302 1114 ferebat
1330 1075 1459 1125 imple-

55 1152 138 1184 tum
156 1147 236 1196 regi
260 1147 431 1196 porrigit.
491 1145 561 1182 Ille
590 1146 748 1195 accipit;
778 1151 861 1183 tum
889 1151 1135 1195 percontatus
1155 1146 1293 1195 quibus
1322 1158 1459 1195 aquam

55 1221 265 1267 portarent,
287 1215 375 1252 filiis
402 1215 501 1252 ferre
532 1216 736 1264 cognoscit.
793 1215 900 1253 Tunc
928 1215 1064 1265 poculo
1093 1215 1206 1265 pleno
1235 1215 1333 1252 sicut
1361 1215 1462 1252 obla-

56 1291 138 1322 tum
176 1290 257 1322 erat
294 1284 456 1330 reddito,
492 1283 572 1320 Nec
610 1283 722 1329 solus,
757 1285 894 1333 inquit,
929 1285 1057 1322 bibere
1088 1297 1242 1333 possum
1275 1296 1343 1320 nec
1381 1289 1460 1321 tam

57 1354 237 1403 exiguum
258 1353 428 1390 dividere
458 1352 646 1389 omnibus.
706 1353 784 1390 Vos
813 1354 952 1390 currite
973 1359 1012 1390 et
1039 1353 1168 1390 liberis
1188 1353 1336 1397 vestris,
1357 1352 1459 1402 quod

56 1428 212 1472 propter
232 1422 316 1459 illos
337 1420 532 1467 attulistis,
555 1420 653 1458 date.

498 1548 571 1584 Tlae
595 1549 772 1595 Crossz'ng
787 1548 831 1595 of
842 1549 900 1584 tlze
926 1549 1041 1585 Oxus.

111 1631 373 1672 228.—-Cum
406 1631 563 1669 tandem
600 1632 647 1669 ad
678 1632 819 1669 fiumen
853 1631 981 1669 Oxum
1017 1638 1247 1681 perventum
1279 1638 1391 1678 esset,
1423 1633 1461 1668 in

60 1701 163 1739 edito
191 1705 321 1738 monte
350 1713 418 1737 rex
451 1701 558 1749 ignes
586 1701 666 1738 fieri
696 1701 814 1746 iubet,
845 1706 888 1737 ut
917 1701 943 1737 ii
974 1701 1039 1750 qui
1068 1713 1178 1750 aegre
1204 1701 1463 1749 sequebantur

60 1769 164 1806 haud
182 1769 313 1819 procul
333 1770 467 1806 castris
487 1782 524 1806 se
545 1770 673 1807 abesse
695 1775 975 1819 cognoscerent.
1023 1769 1099 1806 Eos
1120 1774 1248 1806 autem
1268 1770 1332 1818 qui
1349 1769 1463 1818 primi

61 1839 223 1888 agminis
239 1842 348 1875 erant
364 1838 446 1875 cibo
461 1851 502 1875 ac
521 1843 616 1887 potu
632 1839 812 1884 firmatos,
829 1838 987 1888 implere
1007 1838 1101 1876 alios
1117 1844 1231 1885 utres,
1249 1839 1343 1876 alios
1362 1851 1466 1885 vasa,

62 1907 349 1956 quibuscunque
369 1919 467 1955 aqua
485 1907 629 1956 portari
650 1914 790 1956 posset,
811 1920 853 1944 ac
873 1908 950 1944 suis
971 1920 1082 1956 opem
1094 1907 1191 1945 ferre
1211 1907 1331 1944 iussit.
1391 1906 1467 1944 Sed

63 1976 128 2025 qui
156 1975 476 2023 intemperantius
508 1975 718 2013 hauserunt
750 1976 956 2013 intercluso
990 1976 1128 2025 spiritu
1157 1976 1337 2013 exstincti
1366 1980 1468 2022 sunt,

64 2042 261 2092 multoque
280 2043 401 2080 maior
419 2043 557 2081 horum
574 2056 754 2081 numerus
782 2044 866 2091 fuit,
890 2057 1004 2093 cpiam
1023 2044 1101 2082 11110
1117 2045 1296 2082 amiserat
1311 2044 1464 2094 proelio.

65 2111 255 2149 Postridie
276 2112 356 2149 eius
386 2111 461 2148 diei
490 2112 696 2149 sollicitum
720 2126 848 2163 regem
876 2113 1114 2151 distinebant
1143 2126 1262 2160 curae,
1285 2114 1375 2162 quia
1400 2127 1468 2151 nec

65 2180 219 2229 navigia
238 2180 404 2217 habebat
422 2193 490 2217 nec
510 2193 606 2229 pons
625 2181 718 2230 erigi
738 2186 900 2230 poterat,
921 2182 1061 2218 circum
1089 2195 1241 2220 amnem
1265 2182 1368 2219 nudo
1390 2182 1469 2219 solo

66 2261 188 2297 neque
221 2249 420 2286 materiem
447 2249 725 2298 suppeditante.
784 2249 980 2288 Haerebat
1016 2264 1084 2288 rex
1117 2265 1240 2300 neque
1268 2252 1361 2301 quid
1389 2252 1471 2289 fieri

68 2322 263 2367 oporteret
299 2317 451 2356 sciebat.
521 2318 641 2356 Utres
678 2318 834 2356 tandem
872 2333 986 2369 quam
1032 2319 1216 2369 plurimos
1249 2322 1470 2359 stramentis
