1559 2463
63 54 266 106 PART111.]
383 55 752 92 ALEXANDER
787 55 903 90 THE
936 54 1142 91 GREAT.
1393 64 1460 98 127

62 163 205 200 frustra
224 162 456 208 inhiberent,
478 162 619 199 clamor
639 161 751 198 simul
780 164 894 209 atque
919 160 1090 209 ploratus
1119 159 1326 197 amicorum
1346 160 1468 196 oritur

61 244 189 280 regem
210 231 421 281 exspirasse
450 230 696 268 credentium.
754 229 926 266 Tandem
947 228 1121 265 constitit
1148 228 1314 277 sanguis,
1342 227 1469 276 paula-

62 300 209 348 timque
229 299 398 336 animum
417 298 572 347 recepit,
589 302 628 335 et
644 297 933 335 circumstantes
954 296 1079 345 coepit
1097 309 1312 345 agnoscere.
1368 295 1468 332 Toto

63 382 106 406 eo
127 368 188 405 die
208 381 250 405 ac
270 373 381 405 nocte
410 380 505 417 quae
535 371 664 404 secuta
692 371 750 404 est
778 366 968 403 exercitus
996 365 1285 402 tabernaculum
1305 364 1467 410 obsedit,

63 450 131 474 nec
159 437 263 486 prius
291 436 446 474 recessit
474 449 589 486 quam
617 439 855 484 compertum
889 439 947 472 est
975 447 1107 471 somno
1140 434 1332 483 paulisper
1360 433 1468 470 illum

64 506 309 555 acquiescere.

601 599 695 633 Rest
713 598 812 644 after
834 597 923 634 Tail.

118 690 375 735 259.—Rex‚
410 695 556 739 septem
589 690 724 727 diebus
757 696 887 727 curato
920 688 1077 725 vulnere
1110 688 1274 725 necdum
1304 688 1471 725 obducta

66 761 250 806 cicatrice,
272 773 357 798 cum
377 760 561 797 audiisset
580 759 817 797 convaluisse
837 758 939 808 apud
963 758 1144 795 barbaros
1163 758 1307 795 famam
1334 758 1469 795 mortis

66 843 165 876 suae,
201 829 349 866 duobus
382 828 544 877 navigiis
581 828 732 873 iunctis,
764 827 882 864 statui
915 826 955 863 in
987 826 1157 864 medium
1187 826 1357 876 undique
1388 840 1472 863 con-

66 899 239 948 spicuum
276 897 566 935 tabernaculum
603 896 725 943 iussit,
764 910 811 933 ex
858 909 933 945 quo
980 908 1019 932 se
1061 895 1280 933 ostenderet
1317 895 1471 944 periisse

66 966 331 1005 credentibus:
361 971 660 1015 conspectusque
682 965 729 1002 ab
748 964 882 1002 incolis
902 977 1007 1013 spem
1027 964 1197 1002 hostium
1220 964 1316 1002 falso
1336 965 1472 1001 nuntio

66 1042 287 1086 conceptam
306 1035 484 1073 inhibuit.
544 1034 719 1072 Secundo
740 1033 879 1071 deinde
898 1047 1009 1070 amne
1036 1033 1210 1079 defluxit,
1232 1033 1472 1083 aliquantum

66 1104 260 1142 intervalli
276 1118 297 1141 a
312 1108 438 1141 cetera
458 1103 574 1140 classe
594 1102 841 1152 praecipiens,
859 1115 907 1139 ne
927 1102 1033 1151 quies
1054 1101 1203 1151 corpori
1222 1101 1392 1139 invalido
1413 1101 1474 1138 ad-

66 1173 140 1210 huc
160 1172 373 1210 necessaria
400 1171 513 1222 pulsu
541 1184 734 1209 remorum
761 1170 1022 1220 impediretur.
1082 1170 1238 1217 Quarto,
1269 1175 1474 1220 postquam

67 1243 247 1292 navigare
268 1246 454 1291 coeperat,
477 1241 538 1279 die
558 1241 735 1291 pervenit
753 1241 793 1277 in
812 1240 1009 1290 regionem
1037 1239 1228 1277 desertam
1252 1240 1407 1289 quidem
1428 1241 1475 1278 ab

66 1312 209 1358 incolis,
232 1311 299 1349 sed
318 1311 512 1348 frumento
533 1315 571 1348 et
590 1310 790 1360 pecoribus
818 1309 1090 1348 abundantem.
1148 1309 1298 1347 Placuit
1321 1309 1353 1346 is
1373 1310 1476 1346 locus

68 1386 106 1418 et
125 1381 173 1418 ad
194 1394 301 1418 suam
320 1385 360 1417 et
379 1379 427 1417 ad
446 1379 615 1417 militum
633 1379 814 1428 requiem.

264 1539 341 1574 His
365 1539 503 1585 Troops
521 1538 586 1586 bag
600 1539 818 1575 Alexander
837 1542 871 1574 lo
890 1539 928 1573 be
943 1539 1012 1574 less
1031 1542 1279 1574 venturcsome.

122 1638 374 1678 260.-Mos
394 1642 476 1675 erat
490 1638 686 1675 nonnullis
705 1651 753 1675 ex
773 1638 904 1675 amicis
919 1638 1107 1675 excubare
1124 1643 1212 1675 ante
1228 1638 1473 1687 praetorium,

71 1707 247 1756 quotiens
281 1706 440 1743 adversa
472 1706 553 1756 regi
580 1705 761 1743 valetudo
794 1705 1001 1742 incidisset.
1060 1705 1163 1751 Quos
1196 1719 1281 1743 cum
1309 1706 1409 1743 forte
1437 1706 1477 1742 in

72 1775 287 1813 cubiculum
323 1775 511 1812 intrantes
544 1775 815 1824 conspexisset,
850 1787 918 1812 rex
951 1774 1135 1811 sollicitus
1171 1787 1219 1811 ne
1257 1775 1349 1823 quid
1386 1775 1476 1812 novi

72 1845 259 1890 afferrent,
281 1857 374 1880 num
393 1843 563 1881 hostium
581 1856 711 1881 recens
730 1843 976 1881 nuntiaretur
1004 1843 1192 1880 adventus
1217 1848 1474 1893 percontatur.

73 1913 172 1950 Tum
192 1913 381 1959 Craterus,
403 1913 462 1950 cui
482 1912 707 1950 mandatum
728 1917 810 1950 erat
836 1917 881 1950 ut
909 1912 1117 1950 amicorum
1144 1926 1273 1962 preces
1292 1913 1479 1962 perferret

74 1981 123 2019 ad
143 1995 241 2027 eum,
262 1982 301 2018 in
321 1981 422 2018 hunc
440 1981 597 2019 modum
617 1982 735 2019 verba
752 1981 852 2019 fecit.
912 1981 1032 2019 Orare
1052 1994 1132 2019 sese
1148 1986 1263 2031 atque
1283 1982 1477 2031 deprecari

74 2063 122 2088 ne
141 2055 201 2088 tot
221 2063 259 2088 se
278 2050 454 2099 periculis
474 2051 636 2088 offerret.
696 2050 807 2097 Quod
827 2050 858 2087 si
878 2050 1002 2087 adhuc
1023 2063 1108 2087 cum
1128 2051 1246 2088 Dario
1266 2051 1476 2098 dimicaret,

75 2119 148 2156 etsi
167 2132 279 2156 nemo
298 2119 426 2165 vellet,
446 2124 576 2156 tamen
595 2132 643 2156 ne
664 2119 844 2157 admirari
860 2119 1017 2168 quidem
1031 2132 1141 2168 posse
1157 2124 1237 2157 tam
1256 2124 1479 2170 promptum

76 2200 163 2224 eum
183 2200 263 2225 esse
283 2187 331 2224 ad
352 2187 480 2225 omnia
498 2187 667 2237 pericula
685 2187 883 2225 obeunda:
914 2188 994 2225 eius
1014 2201 1104 2225 vero
1129 2188 1252 2238 capite
1270 2188 1479 2238 ignobilem

75 2256 203 2292 vicum
223 2255 309 2301 emi,
331 2269 444 2305 quem
471 2255 649 2302 laturum,
671 2269 749 2293 non
778 2256 944 2293 militum
972 2256 1099 2302 modo,
1127 2256 1193 2294 sed
1220 2256 1335 2293 ullius
1354 2256 1480 2306 gentis

75 2323 259 2361 barbarae
292 2324 424 2370 civem,
457 2324 523 2373 qui
552 2324 738 2362 virtutem
766 2325 847 2363 eius
878 2325 1075 2362 novisset?
1131 2325 1300 2374 Ecquem
1327 2330 1478 2363 mortuo
