1559 2463
67 75 169 100 PART
189 62 231 114 1.]
481 63 585 100 HIS
588 64 700 101 TOR
713 64 750 99 Y
774 64 848 101 OF
869 64 1051 100 ROME.
1424 75 1442 99 2
1452 75 1467 98 1

64 175 104 212 in
124 175 256 212 Africa
282 175 373 213 urbs
402 174 596 224 Carthago
616 174 721 212 cuius
740 174 888 212 incolae
908 174 1247 224 Carthaginienses
1266 179 1333 211 aut
1352 173 1474 211 Poeni

65 243 309 281 vocabantur.
377 243 451 289 Qui
489 256 575 280 cum
612 242 824 291 praedones
861 255 909 279 ex
945 242 1039 279 urbe
1074 242 1254 279 Messana
1283 241 1473 291 expellere

65 312 275 349 voluissent
295 311 534 360 Romanique
553 311 811 360 praedonibus
832 310 1112 356 subvenissent,
1133 310 1276 348 bellum
1295 315 1473 348 exortum

65 384 130 419 est.
207 380 255 417 In
283 380 414 417 Sicilia
442 379 597 429 quidem
626 379 787 417 victoria
813 392 929 429 penes
958 379 1154 417 Romanos
1183 379 1304 424 stetit,
1335 379 1473 428 quibus

65 453 195 486 tamen
207 461 436 498 magnopere
449 448 640 486 nocebant
653 448 870 486 Poenorum
890 461 1019 495 naves,
1037 461 1122 485 cum
1137 461 1265 485 rerum
1277 447 1473 485 navalium

66 518 235 567 imperiti
263 522 400 555 essent.
458 517 603 564 Quinto
631 522 762 555 autem
791 530 891 555 anno
920 518 1024 564 belli,
1044 518 1212 567 primum
1240 517 1406 554 Romani
1433 517 1473 554 in

65 586 162 624 mari
197 586 477 623 dimicaverunt
514 586 658 635 paratis
694 586 858 624 navibus
890 586 1077 623 rostratis.
1145 585 1289 623 Consul
1320 585 1475 622 Duilius

66 655 265 692 commisso
298 654 442 704 proelio
475 654 625 692 Poenos
653 655 755 692 vicit.
828 655 965 704 Neque
993 655 1072 692 ulla
1099 655 1261 693 victoria
1289 654 1473 692 Romanis

65 724 211 773 gratior
246 723 333 769 fuit,
372 723 475 772 quod
512 723 648 760 invicti
685 728 787 761 terra
824 723 918 760 mari
958 723 1073 761 etiam
1118 723 1327 773 plurimum
1362 735 1473 773 posse

67 793 306 830 videbantur.
375 792 435 829 Ne
466 792 505 829 id
535 793 691 842 quidem
720 792 1044 841 praetereundum
1077 798 1134 829 est
1163 792 1266 841 quod
1296 791 1472 837 Romani,

67 861 250 898 hactenus
279 861 431 897 nonnisi
460 860 629 909 pedestri
657 874 786 910 pugna
805 861 964 905 nobiles,
987 861 1033 898 de
1055 861 1164 899 hoste
1185 874 1311 898 rerum
1332 860 1474 897 mariti-

66 942 213 966 marum
234 929 462 978 peritissimo
482 929 831 978 triumphaverunt.

495 1092 646 1139 Appius
670 1092 853 1128 Claudius
873 1092 1046 1129 Pulcher.

120 1183 403 1232 43.—Appius
432 1182 616 1220 Claudius
645 1183 820 1228 Pulcher,
842 1183 973 1220 consul
1002 1183 1184 1220 adversus
1213 1183 1363 1220 Poenos
1389 1196 1474 1232 pro-

68 1251 200 1298 fectus,
224 1252 369 1301 priores
400 1251 514 1288 duces
547 1251 726 1300 culpabat
759 1264 873 1300 seque
906 1264 981 1301 quo
1014 1251 1076 1289 die
1109 1252 1279 1289 hostium
1317 1252 1474 1290 classem

67 1321 238 1367 vidisset,
277 1321 376 1358 bello
414 1321 530 1358 finem
566 1321 836 1370 impositurum
864 1321 1075 1358 iactitabat.
1143 1321 1236 1359 Visa
1256 1322 1475 1360 Poenorum

69 1391 185 1428 classe
214 1390 381 1439 auspicia
408 1390 542 1427 haberi
570 1390 691 1427 iussit.
748 1389 821 1427 Cui
850 1403 936 1427 cum
965 1403 986 1427 a
1014 1389 1177 1439 pullario
1208 1395 1307 1428 esset
1325 1391 1476 1428 nuntia—

68 1465 151 1496 tum
187 1458 311 1508 pullos
348 1471 471 1507 neque
510 1458 612 1495 vesci
649 1471 772 1507 neque
811 1471 830 1496 e
868 1471 982 1496 cavea
1015 1459 1119 1496 exire
1152 1459 1264 1505 velle,
1297 1458 1474 1505 irridens,

71 1528 172 1575 Quin
219 1532 272 1573 tu,
313 1527 450 1576 inquit,
494 1527 534 1563 in
582 1540 720 1576 aquam
767 1540 830 1564 eos
867 1527 1022 1573 coniice,
1062 1532 1105 1564 ut
1144 1527 1280 1564 saltem
1325 1527 1473 1573 bibant,

70 1597 251 1645 quoniam
282 1609 361 1633 esse
395 1595 540 1633 nolunt.
613 1596 709 1633 Inde
747 1596 915 1633 militum
949 1596 1096 1633 animos
1133 1596 1266 1646 religio
1299 1596 1476 1633 incedere

69 1665 166 1702 iram
193 1665 352 1702 deorum
373 1665 598 1702 verentium.
657 1664 872 1702 Commisso
891 1665 1036 1714 proelio
1056 1665 1150 1702 victi
1169 1664 1358 1712 Romani,
1391 1670 1476 1702 octo

70 1734 176 1771 1111113
205 1746 324 1779 caesa,
347 1733 489 1783 viginti
508 1733 616 1771 inilia
635 1738 746 1782 capta
766 1739 864 1771 sunt.
924 1733 1061 1782 Itaque
1091 1733 1274 1771 Claudius
1295 1746 1316 1770 a
1335 1733 1478 1783 populo

70 1802 346 1840 condemnatus
366 1807 431 1839 est.
491 1802 631 1839 Postea
652 1801 815 1840 Claudia
835 1815 940 1839 soror
961 1802 1041 1839 eius
1061 1815 1146 1839 cum
1166 1815 1187 1839 a
1207 1801 1308 1839 ludis
1323 1802 1476 1839 rediens

70 1871 185 1908 turba
214 1876 463 1920 premeretur,
494 1869 526 1908 O
558 1871 590 1908 si
621 1870 753 1918 frater,
784 1871 921 1920 inquit,
952 1884 1060 1908 meus
1093 1871 1253 1916 viveret,
1288 1870 1474 1919 classique

68 1939 210 1976 iterum
236 1939 453 1989 praefectus
482 1944 605 1986 esset,-
634 1952 709 1988 qua
737 1952 830 1977 voce
859 1939 1019 1976 nimiam
1047 1939 1189 1976 civium
1217 1939 1475 1988 frequentiam

69 2007 240 2045 minuere
261 2021 299 2045 se
318 2007 415 2045 velle
432 2008 681 2057 significabat.
741 2007 878 2056 Itaque
900 2007 1083 2045 Claudiae
1100 2008 1203 2045 idem
1232 2008 1334 2057 quod
1363 2008 1475 2045 fratri

68 2076 191 2113 fatum
211 2077 359 2126 obtigit.

570 2171 737 2217 Regulus
755 2171 794 2206 ill
816 2170 965 2217 Africa.

123 2264 203 2299 44.
235 2261 384 2299 Bellum
403 2262 493 2299 inde
513 2263 553 2299 111
573 2262 744 2299 Africam
764 2262 995 2300 translatum
1016 2267 1083 2300 est.
1140 2262 1283 2299 Consul
1304 2262 1475 2312 Regulus

70 2341 156 2364 011111
184 2328 278 2365 fines
296 2328 465 2366 hostium
486 2334 685 2374 vastasset,
706 2329 908 2378 copiasque
928 2342 1059 2367 eorum
1083 2335 1142 2367 ter
1169 2330 1331 2375 vicisset,
1354 2329 1475 2367 Poeni
