1559 2463
63 63 165 89 PART
186 50 242 101 11.]
441 52 660 88 HISTOR
674 53 711 87 Y
735 52 811 88 OF
835 51 1084 88 GREECE.
1418 63 1461 99 51

61 163 126 201 ubi
147 162 343 212 cognitum
362 167 432 209 est,
453 162 617 200 Croesus
637 175 722 199 cum
741 174 830 211 rege
849 161 1086 210 Babyloniae
1116 162 1338 199 societatem
1367 163 1467 209 iniit,

61 232 206 269 veritus
234 244 282 269 ne
309 236 348 269 et
367 232 448 281 ipse
477 245 498 269 a
518 231 619 280 Cyro
647 231 866 268 vinceretur
894 230 967 267 nisi
996 230 1140 268 auxilio
1169 231 1358 268 sociorum
1386 245 1471 268 con-

61 301 235 338 firmatus
272 304 380 338 esset.
456 300 565 337 Idem
607 303 778 336 oratores
812 298 985 348 Delphos
1027 299 1075 336 ad
1122 299 1317 337 oraculum
1362 301 1470 337 misit

62 370 295 406 sciscitatum
314 382 408 406 num
427 369 570 406 bellum
585 368 686 417 Cyro
706 368 823 405 indici
844 373 1048 417 oporteret.
1099 369 1172 406 Cui
1193 382 1279 406 cum
1295 370 1471 418 ambigue

62 451 288 487 responsum
325 442 437 484 esset,
475 437 640 475 Croesus
677 437 805 474 Persis
843 437 997 474 obviam
1033 437 1114 475 ivit.
1187 438 1285 475 Cum
1324 439 1470 476 incerto

63 512 203 545 eventu
231 512 445 557 pugnatum
474 511 572 544 esset
592 506 756 544 Croesus
778 505 917 544 Sardes
946 519 984 543 se
1013 506 1187 553 contulit,
1217 507 1360 545 ibidem
1386 520 1472 544 cum

62 575 163 625 Cyro
200 576 341 613 iterum
386 579 637 625 pugnaturus.
707 575 745 612 Is
782 579 912 612 autem
949 575 1055 612 nulla
1096 575 1326 625 interposita
1362 589 1469 613 mora

63 643 201 681 Sardes
220 648 325 681 recta
347 644 473 693 pergit
492 643 753 692 Croesumque
774 643 975 680 commisso
995 643 1140 692 proelio
1160 644 1264 682 vicit.
1324 644 1471 691 Quibus

62 713 175 750 rebus
198 712 315 762 gestis
336 712 449 749 Iones
473 711 654 749 dimicare
683 711 979 757 constituerunt,
1000 711 1159 749 minime
1184 713 1308 762 ignari
1327 712 1471 762 Cyrum

63 794 194 819 recens
213 786 323 830 parta
341 781 503 818 victoria
522 794 600 818 non
626 780 706 818 fore
735 784 972 828 contentum,
993 793 1116 830 neque
1145 781 1312 819 multum
1340 782 1471 819 abesse

65 849 156 899 quin
178 853 217 887 et
236 849 309 898 ipsi
329 849 463 886 eadem
482 848 652 898 pericula
671 861 766 897 quae
789 847 951 886 Croesus
972 849 1156 887 subirent.

368 1016 444 1051 The
463 1015 709 1063 Sltbjugatim
729 1015 773 1062 of
785 1015 842 1051 the
861 1015 998 1051 Ionian
1023 1016 1170 1053 Greeks.

122 1107 311 1146 107.—N
316 1120 410 1156 eque
430 1120 600 1156 unquam
620 1107 733 1143 Iones
757 1107 876 1144 tantis
897 1120 935 1144 se
955 1107 1134 1156 periculis
1155 1112 1299 1157 quanta
1319 1113 1471 1147 tantum

65 1188 142 1212 non
180 1175 356 1212 insistere
394 1175 589 1220 videbant,
629 1188 667 1212 se
705 1188 924 1224 opposuere,
966 1175 1142 1225 quamvis
1180 1180 1260 1214 tam
1292 1178 1474 1215 atrociter

66 1243 248 1280 adversus
269 1244 454 1281 Croesum
474 1256 597 1293 nuper
617 1243 842 1280 dimicatum
863 1247 972 1280 esset.
1030 1243 1167 1293 Neque
1187 1249 1349 1282 eventus
1370 1259 1475 1295 spem

64 1312 226 1350 fefellit:
269 1325 360 1349 nam
396 1312 503 1350 brevi
540 1312 685 1349 bellum
718 1312 908 1349 indictum
939 1317 1006 1349 est.
1065 1312 1318 1362 Aliquamdiu
1346 1314 1473 1353 Persis

64 1381 313 1418 resistebatur
341 1380 461 1418 donec
491 1381 628 1418 Persae
658 1380 796 1418 coactis
825 1380 995 1430 undique
1025 1381 1142 1430 copiis
1171 1386 1294 1419 totam
1323 1383 1474 1421 Ioniam

64 1449 239 1499 populati
258 1450 427 1499 singulas
447 1450 559 1487 urbes
579 1454 646 1487 aut
671 1450 710 1486 vi
739 1454 975 1499 expugnant,
997 1454 1064 1487 aut
1092 1450 1290 1488 obsidione
1311 1452 1350 1489 in
1370 1452 1474 1490 dedi-

64 1518 210 1555 tionem
238 1517 368 1554 venire
397 1522 547 1567 cogunt.
607 1517 703 1555 Inde
731 1518 845 1554 multi
874 1531 922 1555 ex
945 1517 1103 1555 Ionibus
1132 1522 1261 1556 actum
1290 1533 1370 1558 esse
1399 1522 1473 1559 rati

64 1598 151 1623 cum
170 1585 283 1623 domo
305 1586 507 1623 cessissent
526 1599 721 1635 novasque
742 1586 814 1623 sibi
841 1585 948 1623 sedes
969 1599 1150 1635 quaerere
1171 1588 1471 1637 constituissent,

65 1668 181 1692 naves
209 1655 491 1692 conscendunt:
521 1655 586 1692 alii
614 1655 653 1691 in
683 1655 837 1692 Italiam
865 1657 1087 1702 transvecti,
1118 1656 1182 1693 alii
1210 1657 1250 1693 in
1271 1657 1471 1696 Thraciam

65 1724 179 1761 urbes
209 1723 471 1761 condiderunt.
544 1723 663 1760 Multi
698 1728 828 1761 autem
861 1724 975 1762 domo
1007 1724 1139 1762 cedere
1178 1725 1363 1764 nolebant
1399 1729 1473 1765 rati

66 1792 138 1829 sibi
168 1805 190 1828 a
217 1791 331 1840 Cyro,
362 1805 437 1841 qua
465 1797 565 1829 esset
592 1792 843 1838 humanitate,
875 1805 1029 1841 parsum
1063 1793 1120 1830 iri.
1184 1793 1320 1843 Itaque
1349 1795 1472 1844 Cyrus

65 1860 263 1897 obsidibus
296 1860 506 1909 imperatis,
543 1861 809 1910 praesidioque
843 1861 936 1898 satis
969 1861 1078 1898 firmo
1111 1862 1151 1898 in
1180 1861 1290 1900 Ionia
1326 1863 1470 1911 relicto,

65 1928 264 1978 Babylona
287 1929 500 1976 contendit,
521 1929 758 1978 eandemque
780 1930 869 1967 dolo
895 1930 1006 1980 cepit.
1065 1930 1222 1968 Mortuo
1242 1931 1343 1980 Cyro
1364 1933 1472 1970 Cam<

64 1998 177 2047 byses
197 1998 398 2035 successit:
429 1998 531 2036 idem
551 1998 730 2049 Aegypto
750 1999 896 2048 potitus
917 2004 985 2036 est.

688 2166 850 2202 Darius.

122 2256 436 2295 108.—M0rtuo
466 2257 665 2307 Cambyse,
689 2270 775 2295 cum
794 2257 939 2294 nullam
967 2257 1173 2295 masculam
1203 2260 1362 2309 stirpem
1392 2261 1473 2297 reli-

66 2325 222 2373 quisset,
244 2325 282 2361 in
311 2325 391 2362 eius
419 2325 544 2362 locum
570 2326 711 2364 Darius
739 2326 820 2363 dux
849 2326 1154 2375 sapientissimus
1184 2328 1350 2377 bellique
1380 2330 1473 2378 peri—
