1559 2463
82 78 153 110 104
278 66 518 102 SECOND
545 66 737 101 LATJN
755 65 1035 102 READJNG
1063 65 1232 102 BOOK.
1279 65 1400 113 [PART
1421 75 1477 101 111.

77 175 170 213 Acie
209 179 384 213 conserta
421 189 550 212 currus
587 175 756 212 hostium
788 176 828 212 in
862 174 1094 212 Macedonas
1126 175 1267 212 invecti
1304 188 1481 224 magnam

76 248 243 294 stragem
276 243 440 291 edidere,
475 256 597 292 neque
626 243 790 280 multum
824 243 948 280 abfuit
978 243 1071 292 quin
1100 255 1143 280 eo
1176 242 1237 280 die
1266 242 1406 280 Darius
1434 242 1481 280 de

76 312 299 350 Alexandro
328 312 594 362 triumpharet.
652 311 728 349 Sed
747 311 954 349 fortissime
983 325 1004 349 a
1032 311 1187 349 Graecis
1219 311 1479 357 resistebatur,

75 381 319 419 hortantibus
340 381 498 418 ducibus
526 393 574 417 ne
594 380 716 430 primo
737 380 883 429 impetu
911 379 1176 425 funderentur,
1197 392 1271 416 neu
1292 384 1481 428 speratam

75 449 257 499 praedam
278 450 527 487 dimitterent.
586 449 711 486 Curru
726 448 876 494 Darius,
897 448 1120 485 Alexander
1140 461 1236 497 equo
1252 448 1464 485 vehebatur
1472 461 1481 493 3

76 523 281 568 utrumque
300 519 437 556 delecti
459 519 665 555 tuebantur
685 518 741 554 sui
770 518 1021 561 immemores,
1042 530 1131 553 nam
1151 516 1287 553 amisso
1308 529 1395 565 rege
1414 529 1483 552 nec

78 588 260 625 volebant
280 587 374 624 salvi
395 600 474 624 esse
503 600 571 623 nec
600 590 786 635 poterant.
846 585 1104 622 Crudescente
1132 598 1270 634 pugna,
1294 584 1357 633 qui
1387 584 1484 621 circa

78 655 344 692 Alexandrum
365 660 484 700 erant,
506 654 646 691 vidisse
676 667 715 690 se
744 653 988 690 crediderunt
1017 652 1213 701 paululum
1233 664 1346 700 super
1371 655 1484 700 caput

77 725 176 774 regis
205 723 351 773 placide
371 723 565 760 volantem
595 723 772 771 aquilam,
794 735 871 759 non
900 735 992 759 sono
1021 735 1213 758 armorum
1242 734 1318 757 non
1338 720 1483 769 gemitu

76 793 323 829 morientium
342 791 523 828 territam
583 790 696 828 Certe
716 795 822 827 vates
842 789 1071 826 Aristander
1095 789 1181 826 alba
1200 793 1306 826 veste
1326 788 1483 825 indutus

77 866 115 897 et
144 861 281 898 dextra
309 860 527 909 praeferens
555 859 723 896 lauream
755 859 942 895 militibus
972 871 1081 895 avem
1108 858 1359 903 monstrabat,
1381 856 1483 894 haud

77 930 237 967 dubium
265 929 447 966 victoriae
483 928 703 977 auspicium.
773 928 913 977 Ingens
951 940 1040 976 ergo
1078 926 1252 964 alacritas
1281 930 1320 963 et
1348 925 1485 962 fiducia

78 997 190 1047 paulo
224 1002 313 1035 ante
343 997 497 1033 territos
526 995 700 1033 accendit
729 995 776 1032 ad
805 1008 980 1044 pugnam.
1052 995 1210 1043 Iamque
1244 1007 1321 1031 non
1358 1006 1486 1042 pugna

78 1065 145 1102 sed
166 1065 298 1103 caedes
318 1069 410 1110 erat,
433 1077 518 1101 cum
538 1064 678 1101 Darius
693 1076 845 1100 currum
865 1076 975 1099 suum
994 1063 1033 1099 in
1053 1063 1183 1111 fugam
1202 1062 1327 1099 vertit.

470 1257 641 1291 [Varrow
660 1256 802 1302 Escape
819 1255 862 1301 (gf
874 1255 1101 1290 Alexander.

132 1362 428 1411 214.—Neque
457 1362 579 1398 ullum
609 1374 652 1399 eo
673 1361 734 1398 die
762 1361 884 1398 maius
912 1360 1121 1410 periculum
1149 1359 1246 1396 adiit
1265 1358 1487 1396 Alexander

80 1445 195 1480 quam
215 1431 307 1468 dum
336 1431 462 1479 copias
490 1431 529 1467 in
550 1434 673 1467 castra
701 1429 858 1467 reducit.
916 1429 1033 1466 Pauci
1063 1441 1149 1465 eum
1179 1432 1217 1465 et
1244 1427 1487 1476 incompositi

80 1500 349 1549 sequebantur,
371 1504 531 1537 ovantes
559 1499 729 1545 victoria,
760 1511 849 1536 nain
879 1511 1010 1535 omnes
1038 1497 1167 1534 hostes
1196 1502 1262 1534 aut
1290 1497 1329 1533 in
1358 1496 1487 1546 fugam

80 1570 218 1606 effusos
247 1574 313 1605 aut
340 1569 380 1605 in
401 1568 478 1605 acie
498 1567 675 1605 cecidisse
705 1567 923 1613 credebant,
953 1579 1038 1603 cum
1066 1570 1224 1614 repente
1252 1578 1299 1602 ex
1328 1564 1488 1602 adverso

82 1638 259 1687 apparuit
289 1650 425 1686 agmen
459 1637 642 1685 equitum,
677 1636 741 1685 qui
770 1636 893 1685 primo
926 1635 1125 1672 inhibuere
1154 1647 1316 1679 cursum,
1349 1633 1488 1671 deinde

82 1706 339 1743 Macedonum
357 1706 550 1755 paucitate
570 1709 781 1754 conspecta,
804 1710 949 1741 turmas
968 1704 1005 1741 in
1037 1703 1169 1741 obvios
1189 1703 1487 1740 concitaverunt.

81 1775 185 1812 Ante
216 1775 324 1824 signa
353 1788 421 1812 rex
455 1775 546 1819 ibat,
581 1773 821 1811 dissimulato
854 1773 975 1822 magis
1011 1772 1177 1821 periculo
1207 1784 1321 1821 quam
1349 1775 1485 1820 spreto.

82 1844 163 1881 Nec
191 1843 316 1881 defuit
345 1844 378 1880 ei
407 1848 592 1892 perpetua
611 1843 650 1879 in
680 1842 807 1879 dubiis
836 1841 949 1878 rebus
977 1841 1164 1878 felicitas:
1194 1853 1358 1888 namque
1386 1852 1490 1888 prae-

81 1912 224 1949 fectum
253 1912 426 1960 equitum
454 1911 610 1948 avidum
639 1910 857 1947 certaminis
886 1914 925 1947 et
952 1909 1000 1946 ob
1020 1909 1060 1946 id
1088 1909 1213 1957 ipsum
1233 1908 1422 1945 incautius
1450 1907 1490 1944 in

82 1993 120 2017 se
153 1984 329 2017 ruentem
362 1979 473 2016 hasta
504 1979 698 2016 transfixit
713 1993 723 2025 3
756 1991 831 2027 quo
862 1991 909 2015 ex
943 1990 1039 2026 equo
1069 1977 1173 2026 lapso
1202 1976 1420 2025 proximum
1450 1989 1492 2013 ac

85 2048 174 2085 dein
211 2047 339 2096 plures
377 2047 511 2085 eodem
557 2047 634 2085 telo
680 2046 860 2084 confodit.
945 2046 1124 2083 Invasere
1169 2045 1343 2082 turbatos
1380 2043 1491 2081 amici

83 2128 257 2166 quoque:
296 2128 365 2153 nec
403 2115 542 2153 Persae
579 2115 693 2152 inulti
731 2114 927 2152 cadebant.
996 2113 1169 2151 Tandem
1206 2112 1369 2158 barbari,
1407 2125 1491 2149 cum

84 2185 246 2222 obscura
266 2184 348 2221 luce
368 2185 490 2222 tutior
517 2184 609 2234 fuga
628 2183 825 2221 videretur
844 2196 924 2220 esse
944 2195 1058 2231 quam
1077 2194 1216 2231 pugna,
1238 2182 1277 2218 in
1305 2185 1433 2218 tutum
1453 2192 1491 2217 se

85 2266 269 2302 recepere.
330 2252 442 2299 Quod
461 2252 671 2302 periculum
699 2252 862 2289 feliciter
890 2251 1078 2288 eluctatus
1098 2263 1165 2287 rex
1195 2262 1282 2287 suos
1301 2249 1340 2285 in
1370 2252 1492 2285 castra

76 2321 284 2359 incolumes
303 2320 469 2358 reduxit.
