1559 2463
44 27 226 78 PART11.]
419 27 682 65 HISTORY
711 28 786 64 OF
809 27 1058 64 GREECE.
1399 26 1445 72 63

45 145 155 187 esset,
170 141 369 178 Himeram
382 138 567 188 oppidum
580 138 730 176 Siciliae
743 138 810 175 diu
824 151 844 174 a
857 137 1241 187 Carthaginiensibus
1258 137 1450 174 obsessam

45 208 243 246 obsidione
280 207 471 253 liberasse,
510 219 648 256 magno
694 206 743 243 ab
789 205 964 243 hostibus
1001 205 1236 242 detrimento
1282 208 1448 253 accepto,

46 277 279 314 Graecorum
307 275 453 312 animos
482 274 522 311 in
560 287 666 324 spem
695 274 894 311 laetiorem
922 274 1054 311 erexit.
1114 273 1452 323 Carthaginienses

47 349 176 382 autem
196 344 274 381 sive
295 343 425 389 Poeni,
448 356 491 379 ea
510 355 602 392 gens
622 342 725 391 Tyro
745 341 907 379 oriunda
923 355 1043 379 novas
1063 342 1135 379 sibi
1155 341 1263 379 sedes
1282 342 1321 378 in
1340 341 1452 379 litore

47 413 200 450 Africae
221 411 512 461 septentrionali
528 411 740 460 antiquitus
755 415 946 460 posuerat,
967 410 1121 448 foedere
1134 424 1219 448 cum
1237 411 1363 448 Persis
1379 411 1453 447 icto

48 495 124 519 una
155 494 241 518 cum
273 481 319 517 iis
351 480 495 517 bellum
515 479 669 517 Graecis
697 479 838 516 inferre
872 479 1163 526 constituerant,
1193 479 1334 516 infensi
1366 479 1454 516 odio

47 555 204 600 propter
243 554 391 587 veteres
428 549 567 586 Ionum
605 548 828 586 simultates.
906 548 1121 586 Plurimum
1158 549 1260 585 enim
1292 548 1454 585 navibus

47 618 234 668 pollentes
265 618 448 654 nolebant
480 630 568 654 suae
615 617 837 654 auctoritati
875 617 1086 666 quidquam
1123 616 1287 662 detrahi,
1322 616 1454 653 aliisve

47 687 160 724 licere
190 686 463 723 mercatoribus
495 690 696 734 quaestum
725 685 873 733 facere3
912 699 987 734 qua
1024 685 1071 723 de
1109 698 1240 723 caussa
1275 685 1351 722 iam
1389 684 1455 722 diu

48 755 306 793 crescentibus
325 754 464 791 Ionum
484 754 620 803 opibus
639 753 876 791 invidebant.

281 890 319 925 T
313 889 356 924 lle
380 889 514 925 Greeks
534 888 615 923 lake
634 888 691 923 the
699 887 798 934 field
814 888 966 935 against
983 889 1227 926 Mardonius.

106 981 350 1021 131.—Inde
388 981 615 1018 Mardonius
661 981 873 1018 exercitum
918 981 959 1017 in
996 980 1234 1019 Thessaliam
1281 982 1456 1028 deduxit,

51 1049 245 1098 regionem
265 1047 313 1086 ad
333 1061 462 1085 secure
490 1047 738 1086 hiemandum
758 1048 937 1085 idoneam
965 1053 1081 1095 ratus,
1112 1050 1217 1086 cuius
1245 1050 1389 1087 incolas
1417 1050 1456 1086 in

52 1118 172 1156 officio
218 1118 383 1154 retinere
428 1122 566 1167 posset.
642 1117 773 1154 Primo
810 1130 899 1154 vere
937 1118 977 1154 in
1014 1117 1187 1155 Atticam
1234 1118 1456 1156 contendit:

52 1185 217 1223 Athenis
238 1185 377 1223 iterum
397 1185 517 1234 captis
538 1185 641 1235 quod
661 1185 812 1223 aedium
832 1185 1019 1222 refectum
1039 1190 1120 1223 erat
1140 1186 1220 1223 solo
1241 1191 1455 1235 aequatum.

53 1253 165 1300 Quod
210 1253 276 1290 ubi
323 1253 521 1302 Spartanis
568 1253 775 1303 cognitum,
824 1253 1041 1291 convocatis
1088 1254 1257 1304 undique
1296 1255 1460 1301 auxiliis,

54 1322 243 1359 exercitus
263 1321 357 1359 duce
386 1322 575 1359 Pausania
594 1322 659 1371 qui
679 1322 746 1358 filii
775 1321 970 1359 Leonidae
989 1322 1162 1359 nondum
1182 1323 1336 1372 puberis
1355 1328 1462 1361 tutor

54 1396 147 1437 erat,
170 1404 285 1440 quam
305 1390 498 1428 celerrime
519 1391 729 1428 contendit.
787 1391 837 1437 Is,
858 1390 924 1428 ubi
952 1391 992 1427 in
1012 1391 1214 1429 Boeotiam
1233 1397 1461 1441 perventum

55 1465 125 1507 est,
141 1460 402 1509 exploratores
417 1459 616 1508 praemisit
628 1460 692 1508 qui
705 1459 797 1509 quid
813 1464 944 1509 ageret
958 1459 1080 1497 hostis
1096 1461 1459 1499 animadverterent.

56 1529 92 1565 A
115 1528 252 1577 quibus
281 1541 366 1565 cum
395 1528 532 1565 certior
558 1528 681 1565 factus
710 1533 809 1565 esset
838 1532 961 1565 castra
988 1528 1192 1566 Persarum
1221 1529 1269 1566 ad
1297 1529 1459 1574 Thebas,

57 1602 170 1646 caput
184 1597 376 1642 Boeotiae,
395 1597 519 1645 posita
534 1609 624 1642 esse,
643 1609 686 1634 eo
702 1601 805 1634 recta
819 1597 957 1646 pergit.
1015 1596 1113 1635 Inde
1128 1598 1248 1635 aciem
1263 1598 1461 1644 instruxit,

58 1678 180 1714 neque
208 1670 338 1701 tamen
356 1664 493 1701 Persae
520 1677 656 1702 manus
676 1677 871 1701 conserere
891 1664 1085 1703 volebant.
1146 1666 1361 1704 Undecimo
1381 1671 1462 1703 tan-

58 1732 146 1770 dem
166 1732 227 1769 die
257 1731 422 1778 Graecis,
445 1745 565 1781 aquae
589 1732 719 1781 inopia
746 1732 1008 1770 laborantibus
1036 1733 1235 1783 pugnandi
1263 1734 1362 1771 fiunt
1381 1747 1464 1771 auc-

58 1804 160 1838 tores
197 1800 337 1837 ducum
382 1799 614 1837 fortissimus
651 1800 837 1849 quisque,
882 1800 1092 1838 Pausanias
1137 1807 1267 1839 autem
1304 1807 1462 1839 naturae

59 1870 229 1907 locorum
265 1868 368 1906 haud
401 1869 612 1918 imperitus,
645 1882 784 1918 gnarus
804 1869 923 1906 etiam
955 1869 1092 1908 Persas
1121 1870 1241 1908 donec
1274 1871 1329 1908 ibi
1360 1884 1464 1908 man-

60 1938 198 1975 sissent
225 1938 389 1975 invictos
416 1937 510 1984 fore,
539 1943 583 1975 ut
611 1938 735 1975 locum
762 1939 883 1988 magis
911 1938 1094 1977 idoneum
1113 1944 1265 1989 caperet
1293 1940 1464 1989 receptui

62 2007 206 2045 cecinit.

546 2141 621 2177 The
639 2142 769 2177 Battle
787 2141 833 2189 of
841 2143 985 2180 Platea.

120 2232 352 2272 132.—Ubi
372 2232 501 2269 illuxit
519 2231 745 2270 Mardonius
774 2233 938 2271 Graecos
958 2234 1180 2272 subsecutus
1208 2235 1341 2272 inferri
1360 2235 1467 2284 signa

64 2302 182 2339 iussit.
240 2301 303 2338 Ad
316 2301 500 2347 Plateam,
518 2301 702 2349 oppidum
720 2301 913 2349 Boeotiae,
931 2303 1174 2340 commissum
1194 2308 1251 2341 est
1267 2304 1463 2352 proelium.
