1559 2463
55 70 157 95 PART
179 56 219 108 L]
465 58 728 94 HISTORY
758 58 834 95 OF
854 57 1033 93 ROME.
1410 67 1451 103 15

54 166 247 203 Romanos
266 165 369 214 apud
387 165 536 202 flumen·
549 165 692 201 Alliam
715 164 834 201 secuti
854 165 987 201 urbem
1016 168 1259 213 occuparunt.
1320 163 1455 212 Neque

55 233 211 271 defendi
247 233 456 282 quidquam
501 237 653 282 praeter
698 232 932 281 Capitolium
978 232 1118 281 potuit,
1158 232 1218 268 cui
1260 245 1346 268 cum
1392 231 1459 268 diu

55 302 250 339 obsessum
271 306 369 338 esset
389 305 427 338 et
455 301 530 337 iam
559 300 722 337 Romani
751 300 852 336 fame
881 300 1112 346 laborarent,
1134 313 1155 337 a
1184 300 1346 337 Camillo
1376 299 1458 336 sub-

55 375 212 406 ventum
232 375 296 406 est.
355 368 386 405 F
389 369 466 405 usis
491 368 665 406 hostibus
694 368 911 417 fugatisque
941 367 1021 404 dux
1050 368 1295 417 triumphans
1323 367 1457 404 urbem

55 438 247 488 ingressus
268 442 332 475 est.

163 588 238 625 The
256 589 394 625 Stom'es
413 587 456 635 of
468 588 643 623 lllanlius
668 580 879 633 Tcwatatlls
899 587 979 622 aad
1005 587 1175 622 Valerius
1200 587 1352 623 Corvus.

108 679 510 728 3l.——Undetriginta
537 682 624 727 post
651 678 761 714 annis
789 677 830 714 T.
855 677 1055 725 Quinctius
1084 678 1251 715 dictator
1278 678 1461 715 adversus

57 748 198 794 Gallos,
220 748 285 797 qui
305 748 344 784 in
364 747 514 784 Italiam
545 760 674 783 rursus
702 751 900 793 venerant,
931 760 1016 783 cum
1036 747 1207 784 exercitu
1233 747 1370 784 missus
1390 752 1458 785 est.

58 817 111 854 Hi
131 830 208 854 non
228 816 359 865 procul
379 816 427 853 ab
446 816 538 853 urbe
569 820 676 852 trans
706 815 897 852 Anienem
916 816 1077 853 fluvium
1098 820 1222 853 castra
1241 820 1457 864 posuerant.

59 886 118 923 lbi
142 890 225 922 tum
253 884 510 922 nobilissimus
538 883 586 920 de
615 883 854 920 senatoribus
883 883 1031 921 iuvenis
1052 883 1094 921 T.
1117 884 1286 921 Manlius
1306 884 1461 921 Gallum

57 955 249 1005 quendam
281 954 441 991 immani
474 953 641 1003 corporis
669 953 935 1003 magnitudine
965 953 1013 991 ad
1047 953 1238 1003 singulare
1267 958 1462 991 certamen

57 1028 330 1073 provocantem
363 1021 509 1059 occidit.
569 1021 740 1059 Narrant
777 1022 889 1058 etiam
931 1027 1103 1059 auctores
1136 1022 1327 1059 Manlium
1359 1022 1463 1060 hosti

57 1096 233 1140 torquem
254 1103 409 1128 aureum
430 1091 631 1139 abreptum
651 1089 747 1127 collo
768 1103 835 1127 suo
855 1090 1081 1139 imposuisse
1101 1095 1140 1127 et
1168 1090 1257 1128 inde
1278 1091 1463 1140 Torquati

58 1172 267 1209 cognomen
287 1164 326 1196 et
345 1159 415 1196 sibi
436 1164 474 1196 et
492 1158 655 1208 posteris
674 1159 714 1195 in
734 1163 961 1208 perpetuum
981 1159 1176 1208 accepisse.
1236 1159 1357 1196 Gallis
1377 1172 1463 1196 eum

59 1240 240 1277 pavorem
260 1227 451 1264 iniecisset
471 1227 594 1264 virtus
613 1227 750 1264 Manlii
771 1240 934 1277 suosque
963 1228 1200 1274 concitasset,
1223 1228 1266 1265 fit
1294 1228 1464 1266 hostium

59 1297 159 1346 fuga,
182 1296 247 1346 qui
267 1309 345 1333 non
365 1296 419 1333 ita
446 1296 567 1333 multo
596 1301 683 1345 post
701 1296 741 1333 in
762 1297 839 1333 acie
869 1310 891 1333 a
910 1296 1097 1334 dictatore
1125 1297 1218 1334 victi
1247 1302 1345 1335 sunt.
1405 1298 1464 1335 Ne

59 1370 142 1402 tum
176 1364 330 1414 quidem
363 1364 449 1401 finis
482 1364 649 1401 bellandi
687 1364 770 1401 fuit.
828 1364 880 1401 Et
916 1364 1012 1402 alius
1049 1378 1068 1402 e
1107 1364 1228 1402 Gallis
1264 1379 1384 1403 unum
1417 1380 1465 1404 ex

62 1433 244 1470 Romanis
281 1433 512 1482 provocavit.
570 1432 669 1469 Tum
707 1446 745 1470 se
778 1433 839 1470 M..
868 1433 1045 1470 Valerius
1082 1434 1260 1471 tribunus
1296 1435 1464 1473 militum

62 1501 212 1547 obtulit,
244 1505 282 1537 et
312 1514 397 1537 cum
427 1501 671 1549 processisset
700 1506 880 1549 armatus,
913 1515 1047 1540 corvus
1077 1503 1112 1540 ei
1144 1503 1184 1540 in
1214 1509 1320 1542 scuto
1352 1505 1462 1543 sedit.

62 1570 157 1607 Mox
185 1569 385 1607 commissa
412 1581 540 1618 pugna
569 1582 655 1606 cum
683 1569 786 1606 idem
818 1582 953 1606 corvus
982 1570 1051 1607 alis
1081 1576 1119 1608 et
1139 1572 1331 1621 unguibus
1361 1572 1463 1610 Galli

63 1638 189 1675 oculos
226 1637 505 1674 verberavisset
541 1650 563 1674 a
600 1637 755 1674 tribuno
788 1637 943 1675 Valerio
982 1639 1206 1677 interfectus
1235 1654 1312 1678 non
1341 1642 1463 1679 solum

63 1706 262 1744 victoriam
281 1706 315 1743 ei
335 1706 401 1743 sed
420 1706 535 1743 etiam
556 1718 695 1743 nomen
715 1706 832 1743 (ledit.

587 1880 625 1915 T
618 1880 661 1915 lte
680 1880 796 1915 Latin
828 1881 931 1916 VVar.

117 1979 377 2019 32.—Latini
423 1983 552 2017 autem
587 1984 694 2017 metu
730 1980 931 2018 Gallorum
968 1981 1119 2019 sublato
1158 1995 1244 2019 cum
1281 1983 1466 2022 Romanis

66 2047 210 2085 diutius
238 2060 370 2097 parere
397 2047 555 2094 nollent,
578 2048 723 2098 legatos
752 2048 915 2086 Romam
943 2049 1133 2087 miserunt
1161 2055 1204 2087 ut
1232 2051 1366 2089 eadem
1394 2053 1468 2103 ipsi

66 2117 149 2154 iura
181 2129 278 2166 quae
310 2116 475 2154 Romani
502 2116 699 2155 haberent.
745 2117 880 2166 Neque
908 2130 1081 2155 recusare
1111 2131 1191 2156 sese
1221 2120 1313 2168 quin
1342 2120 1468 2160 Roma

67 2184 220 2222 urbium
239 2184 464 2222 Latinarum
484 2189 598 2234 caput
623 2189 723 2223 esset
739 2200 748 2232 3
776 2185 962 2235 duplicari
982 2190 1112 2224 tamen
1141 2192 1326 2234 senatum,
1349 2191 1467 2227 creari

68 2253 223 2302 insuper
260 2253 463 2302 quotannis
506 2253 602 2291 duos
639 2254 810 2291 consules
846 2255 1005 2293 Latinos
1042 2255 1190 2294 debere.
1249 2256 1351 2304 Quas
1384 2271 1469 2296 con—

68 2320 234 2359 ditiones
254 2322 521 2371 spernentibus
540 2322 736 2370 Romanis,
757 2322 940 2361 Latinum
955 2324 1049 2362 illud
1066 2325 1210 2362 bellum
1223 2331 1395 2364 coortum
1412 2333 1470 2366 est
