1559 2463
66 60 265 112 PART111.]
383 63 753 99 ALEXANDER
786 64 906 100 THE
938 65 1145 102 GREAT.
1419 79 1465 115 97

57 173 191 211 licuit:
221 173 358 211 collato
378 172 485 223 pede,
509 174 617 222 quasi
646 174 787 223 singuli
806 174 909 212 inter
937 188 975 212 se
1005 176 1241 224 dimicarent,
1265 178 1304 214 in
1333 179 1468 216 codem

58 242 220 292 vestigio
241 243 407 289 stabant,
428 242 548 280 donec
564 243 752 280 vincendo
772 243 898 281 locum
919 244 990 281 sibi
1009 245 1189 284 facerent.
1247 246 1470 286 Alexander

58 324 136 348 non
156 311 262 348 ducis
281 311 402 361 magis
417 324 531 360 quam
551 311 685 348 militis
700 325 839 349 munus
860 313 1149 362 exsequebatur,
1168 314 1338 363 opimum
1354 316 1469 354 decus

59 394 164 419 caeso
184 394 271 431 rege
300 385 508 430 expetens:
537 380 767 417 Macedones
796 385 931 418 mutua
959 380 1227 420 adhortatione
1255 384 1397 422 firmati
1429 386 1469 422 in

59 450 232 499 equitum
260 462 393 498 agmen
424 449 653 497 irrumpunt.
712 448 847 498 Neque
876 449 1029 499 segnius
1058 450 1105 487 ab
1125 450 1235 488 hoste
1264 453 1464 491 resistitur.

57 518 167 556 Circa
203 532 355 555 currum
388 518 497 555 Darii
533 518 709 555 iacebant
745 518 974 555 nobilissimi
1005 518 1130 565 duces,
1163 533 1295 558 omnes
1327 521 1368 558 in
1401 536 1468 560 ora

56 587 179 636 proni,
200 587 298 625 sicut
317 587 543 624 dimicantes
563 586 854 635 procubuerant,
878 586 1038 624 adverso
1059 600 1215 637 corpore
1244 589 1467 628 vulneribus

57 656 230 704 acceptis.
279 655 535 692 Macedonum
551 667 701 704 quoque
722 667 798 692 non
811 655 967 704 quidem
982 656 1093 693 multi
1110 657 1176 694 sed
1189 659 1467 708 promptissimi

57 724 153 761 caesi
174 728 263 760 sunt
279 739 288 771 3
317 724 418 761 inter
437 736 531 772 quos
552 723 766 761 Alexandri
787 723 968 761 dextrum
988 724 1112 762 femur
1131 726 1268 763 leviter
1286 740 1467 765 mucrone

56 792 301 840 perstrictum
329 796 398 829 est.
454 792 594 828 Darius
623 791 781 829 tandem
799 792 944 829 veritus
964 805 1011 829 ne
1039 793 1080 830 in
1108 793 1276 831 hostium
1303 799 1469 845 potesta-

57 865 135 898 tem
164 861 312 898 veniret
332 861 371 898 in
400 861 530 910 fugam
559 874 597 898 se
627 861 777 909 recepit.
837 860 936 898 Tum
956 874 1046 899 vero
1075 863 1190 900 ceteri
1219 863 1464 913 dissipantur,

56 929 288 967 instantibus
308 930 500 978 equitibus
520 943 542 966 a
561 929 813 967 Parmenione
833 930 967 967 missis.

550 1076 624 1110 The
650 1075 802 1121 Captive
824 1075 973 1121 Queens.

107 1159 406 1208 ZOO.—Captis
426 1159 595 1196 hostium
625 1159 757 1195 castris
785 1159 921 1208 ingens
949 1159 1030 1196 auri
1060 1160 1285 1209 argentique
1313 1162 1464 1209 pondus

55 1228 165 1266 miles
194 1228 363 1277 diripuit.
432 1227 572 1265 Postea
604 1227 828 1264 Alexander
859 1232 1022 1264 matrem
1051 1228 1325 1278 coniugemque
1355 1229 1464 1267 Darii

55 1302 184 1346 captas
204 1310 283 1334 esse
304 1297 441 1334 certior
460 1296 592 1343 factus,
615 1297 830 1345 praemittit
850 1296 898 1334 ad
919 1310 981 1334 eas
1001 1298 1067 1346 qui
1087 1298 1313 1336 nuntiarent
1333 1300 1463 1337 venire

53 1378 145 1412 sese,
166 1366 404 1415 inhibitaque
424 1366 689 1403 comitantium
717 1366 830 1403 turba
848 1365 1136 1403 tabernaculum
1156 1380 1241 1403 cum
1270 1367 1465 1417 Hephaes—

54 1435 158 1472 tione
186 1435 316 1472 intrat.
374 1435 413 1471 Is
441 1434 553 1484 longe
583 1435 754 1472 omnium
782 1434 989 1471 amicorum
1018 1435 1233 1472 carissimus
1262 1441 1343 1473 erat
1371 1438 1464 1486 regi,

54 1517 139 1542 cum
158 1505 239 1553 ipso
259 1504 402 1553 pariter
421 1504 613 1550 educatus,
636 1508 870 1541 secretorum
889 1504 1060 1541 omnium
1079 1504 1243 1542 arbiter:
1272 1505 1463 1543 libertatis

54 1586 204 1623 quoque
232 1573 271 1609 in
292 1573 533 1611 admonendo
562 1586 606 1610 eo
626 1586 703 1610 non
727 1572 822 1610 alius
841 1573 899 1609 ius
927 1572 1106 1618 habebat,
1127 1573 1229 1622 quod
1249 1578 1380 1611 tamen
1407 1575 1463 1613 ita

54 1641 262 1689 usurpabat
289 1646 332 1678 ut
359 1641 480 1691 magis
513 1655 534 1679 a
561 1654 648 1690 rege
677 1641 903 1691 permissum
933 1654 1047 1690 quam
1076 1641 1313 1679 vindicatum
1342 1643 1389 1679 ab
1418 1656 1462 1681 eo

51 1708 272 1748 videretur:
314 1715 353 1747 et
390 1710 488 1747 sicut
524 1714 649 1748 aetate
686 1723 755 1759 par
791 1713 873 1747 erat
909 1710 999 1758 regi,
1034 1710 1089 1747 ita
1121 1711 1288 1759 corporis
1325 1712 1461 1749 habitu

51 1779 281 1826 praestabat.
356 1779 457 1828 Ergo
494 1779 647 1828 reginae
684 1778 794 1815 illum
832 1791 913 1815 esse
950 1791 1079 1828 regem
1116 1784 1220 1816 ratae
1254 1793 1321 1817 suo
1354 1794 1458 1818 more

51 1852 253 1884 veneratae
273 1852 371 1885 sunt.
431 1847 527 1884 Inde
548 1847 742 1885 nonnullis
762 1861 809 1884 ex
831 1848 991 1896 captivis
1012 1848 1096 1896 quis
1116 1847 1340 1886 Alexander
1359 1854 1459 1886 esset

52 1915 365 1961 monstrantibus,
397 1921 520 1952 mater
551 1915 659 1953 Darii
689 1916 722 1953 ei
751 1916 799 1953 ad
827 1915 943 1965 pedes
977 1929 1015 1952 se
1043 1909 1203 1965 proiecit
1231 1917 1458 1967 veniamque

51 1983 182 2020 oravit.
242 1983 365 2029 Quam
392 1996 508 2020 manu
536 1983 704 2021 allevans
732 1996 811 2031 rex,
839 1983 929 2020 Non
958 1984 1104 2031 errasti,
1134 1984 1269 2033 inquit,
1302 1998 1390 2022 nam
1419 1990 1458 2023 et

53 2050 113 2087 hie
133 2051 357 2088 Alexander
377 2056 442 2090 est.

502 2179 538 2214 Α
542 2179 752 2214 Ιενῑακιιίενᾈ
777 2179 1000 2225 Generasisy.

103 2260 369 2300 201.—Tunc
399 2261 555 2310 quidem
584 2262 638 2299 ita
668 2275 706 2298 se
736 2262 862 2311 gessit,
884 2266 928 2299 ut
957 2275 1088 2299 omnes
1117 2266 1206 2299 ante
1235 2275 1321 2299 euni
1349 2276 1457 2312 reges

51 2328 253 2366 clementia
289 2329 541 2367 vincerentur.
614 2328 777 2366 Omnem
816 2329 962 2366 cultum
998 2329 1108 2369 reddi
1144 2329 1298 2368 feminis
1334 2331 1455 2378 iussit,

733 2408 756 2434 «ι
