1559 2463
74 77 123 111 94
264 65 503 102 SECOND
530 65 719 101 LATJN
738 66 1018 103 READJNG
1046 67 1217 104 BOOK.
1276 65 1395 117 [PART
1416 78 1472 104 ΠΙ.

73 172 249 209 resistere
294 176 453 220 possent
503 171 649 208 auxilia
694 171 930 210 Graecorum
980 172 1155 210 mercede
1201 174 1473 213 conduxerant.

74 239 245 286 Quorum
273 240 354 277 dux
382 240 568 277 Memnon
596 240 655 277 vir
682 240 773 278 belli
801 241 1056 289 peritissimus
1084 241 1210 279 Persis
1231 242 1479 280 vehementer

73 307 259 345 suadebat
276 321 324 345 ne
344 321 429 345 cum
450 308 672 345 Alexandro
692 308 792 346 iusto
812 308 956 357 proelio
985 308 1253 347 dimicaretur:
1283 311 1478 360 angustias

73 376 263 413 montium
299 377 427 426 potius
473 381 715 425 occuparent,
753 377 944 426 urbesque
982 377 1075 414 satis
1120 378 1240 415 firmis
1277 379 1479 427 praesidiis

75 441 307 479 obtinerent.
364 441 475 479 Idem
508 442 638 479 classis
670 443 711 479 in
744 442 944 480 Graeciam
977 444 1192 481 mittendae
1227 450 1359 483 auctor
1390 446 1478 493 fuit,

74 510 180 546 cuius
216 509 387 547 adventu
424 510 506 547 fore
543 515 588 547 ut
625 511 761 548 Graeci
800 516 934 548 contra
970 511 1204 550 Macedones
1242 514 1481 564 erigerentur

74 578 249 616 docebat.
306 578 452 625 Quibus
473 579 641 615 consiliis
662 592 683 616 a
703 579 908 616 Persarum
928 580 1089 618 ducibus
1109 581 1248 629 spretis
1268 582 1316 619 ad
1336 582 1479 619 flumen

74 646 284 684 Granicum
304 652 481 684 conserta
500 647 579 684 acie
599 647 827 685 dimicatum
847 653 914 685 est.
964 649 1089 686 Victis
1110 649 1236 687 Persis
1256 650 1481 688 Alexander

75 715 168 752 fines
188 715 357 752 hostium
378 715 454 753 late
473 716 690 765 populatus,
713 716 854 753 multas
874 717 987 754 urbes
1007 717 1047 753 in
1067 716 1303 755 deditionem
1324 719 1479 768 accepit.

438 889 477 924 T
470 889 515 924 lle
529 889 664 935 cutting
684 889 728 936 (gf
740 890 799 924 the
821 890 993 926 Gordian
1014 891 1126 926 Isnot.

134 979 512 1019 194.—Alexander
532 979 687 1028 oppido,
709 980 768 1017 cui
792 979 938 1017 Gordio
958 993 1099 1017 nomen
1120 986 1213 1027 erat,
1234 981 1274 1018 in
1295 981 1483 1019 ditionem

77 1062 185 1086 suam
204 1048 373 1094 redacto,
394 1049 498 1086 Iovis
526 1048 714 1097 templum
734 1049 862 1086 intrat.
922 1049 1164 1095 Vehiculum,
1186 1063 1260 1098 quo
1281 1050 1482 1096 Gordium,

78 1116 208 1153 Midae
237 1121 396 1166 patrem,
428 1121 581 1154 vectum
614 1129 694 1154 esse
730 1117 940 1164 constabat,
971 1118 1129 1167 aspexit.
1188 1118 1370 1156 Notabile
1403 1124 1484 1156 erat

79 1185 223 1234 iugum,
244 1185 444 1222 astrictum
474 1184 735 1233 compluribus
764 1185 877 1222 nodis
907 1186 946 1222 in
967 1186 1192 1235 semetipsos
1221 1187 1427 1236 implicatis
1447 1192 1486 1224 et

80 1252 295 1290 celantibus
333 1266 464 1291 nexus.
538 1253 679 1290 Incolis
716 1253 856 1291 deinde
894 1254 1184 1301 affirmantibus,
1224 1255 1368 1292 editam
1406 1268 1486 1292 esse

80 1321 232 1358 oraculo
270 1326 423 1367 sortem,
464 1321 578 1358 Asiae
615 1321 843 1370 potiturum,
883 1323 949 1370 qui
986 1323 1253 1371 inexplicabile
1291 1323 1485 1361 vinculum

81 1389 268 1435 solvisset,
305 1389 442 1438 cupido
481 1390 636 1427 incessit
668 1390 795 1426 animo
830 1391 943 1427 sortis
981 1391 1061 1427 eius
1094 1391 1319 1440 implendae.
1378 1391 1487 1430 Circa

81 1470 210 1507 regem
230 1462 311 1494 erat
331 1462 370 1494 et
390 1458 588 1507 Phrygum
617 1458 731 1495 turba
750 1463 789 1495 et
817 1458 1084 1505 Macedonum,
1108 1459 1172 1496 illa
1201 1461 1485 1508 exspectatione

82 1539 277 1575 suspensa,
307 1527 399 1563 haec
428 1526 591 1563 sollicita
620 1540 667 1563 ex
696 1527 899 1564 temeraria
927 1528 1026 1576 regis
1055 1528 1202 1565 fiducia.
1262 1528 1363 1565 Nam
1392 1529 1488 1566 serie

83 1595 324 1632 vinculorum
366 1596 421 1632 ita
458 1596 623 1641 astricta,
664 1600 719 1641 ut,
759 1598 862 1634 unde
899 1609 1022 1633 nexus
1066 1597 1252 1646 inciperet
1290 1611 1413 1646 quove
1450 1611 1489 1635 se

83 1664 276 1709 conderet,
309 1676 378 1700 nec
411 1663 561 1700 ratione
595 1676 664 1701 nec
693 1664 777 1700 visu
806 1664 951 1713 percipi
983 1670 1122 1713 posset,
1155 1666 1301 1703 solvere
1330 1671 1488 1703 conatus

83 1732 265 1768 iniecerat
294 1744 423 1768 curam
452 1744 499 1768 ne
528 1732 567 1768 in
597 1744 709 1768 omen
730 1736 946 1769 verteretur
974 1732 1126 1770 irritum
1154 1733 1359 1782 inceptum.
1417 1734 1487 1771 Ille

83 1801 337 1849 nequicquam
375 1800 441 1836 diu
478 1813 564 1837 cum
597 1800 808 1837 latentibus
845 1801 956 1838 nodis
990 1801 1166 1847 luctatus,
1198 1801 1320 1848 Nihil,
1350 1803 1486 1851 inquit,

84 1869 254 1914 interest,
294 1868 486 1917 quomodo
524 1868 746 1905 solvantur:
776 1868 981 1917 gladioque
1020 1870 1144 1918 ruptis
1182 1870 1360 1907 omnibus
1397 1870 1487 1907 loris

84 1938 226 1975 oraculi
246 1942 386 1974 sortem
408 1937 467 1973 vel
488 1936 602 1974 elusit
621 1937 682 1973 vel
702 1937 891 1986 implevit.

573 2088 704 2124 lllness
722 2088 766 2135 af
777 2089 1000 2125 Alexander.

142 2186 432 2227 195.——Postea
451 2198 519 2221 rex
548 2198 632 2222 cum
661 2185 818 2234 pulvere
847 2190 886 2223 et
914 2186 1050 2223 sudore
1078 2186 1253 2236 perfusus
1280 2187 1320 2224 in
1349 2188 1490 2224 fiumen

85 2255 361 2305 gelidissimum
399 2254 669 2299 descendisset,
707 2254 815 2303 gravi
851 2255 984 2291 morbo
1022 2260 1217 2304 correptus
1263 2257 1487 2305 aegrotavit.

89 2325 180 2360 Erat
195 2323 296 2360 inter
310 2322 456 2360 nobiles
475 2322 642 2359 medicos
661 2336 708 2358 ex
726 2322 952 2360 Macedonia
966 2335 1094 2371 regem
1111 2329 1261 2361 secutus
1274 2323 1485 2374 Philippus.
1519 2331 1523 2333 '
