1559 2463
79 74 127 118 38
307 73 546 109 SECOND
573 72 765 108 LATJN
785 73 1064 110 READJNG
1093 74 1262 111 BOOK.
1316 72 1434 124 [PART
1454 85 1478 111 1.

463 186 538 221 The
557 186 707 222 Results
727 186 772 233 of
781 186 841 222 lhe
866 186 970 222 Civil
997 187 1097 222 War.

131 276 401 326 80.—Neque
438 276 505 313 diu
543 276 621 314 otio
654 276 729 314 frui
749 276 895 326 i'potuit
932 277 1077 323 civitas,
1118 277 1292 327 quamvis
1328 281 1483 327 patrum

77 346 305 384 auctoritate
326 345 507 391 stabilita,
531 345 634 382 domi
653 345 867 395 respublica
885 345 967 383 iure
987 346 1329 384 administraretur.
1387 346 1483 384 Mox

77 414 296 452 crudescere
324 414 433 460 mala,
466 414 604 463 quibus
635 414 770 451 civitas
797 414 946 451 tamdiu
974 414 1183 453 laborabat.
1240 415 1354 453 Italia
1382 415 1481 452 enim

78 488 138 521 tot
164 484 361 532 tantisque
390 483 499 520 bellis
528 487 690 529 vastata,
721 483 863 520 colonis
896 483 935 519 in
967 484 1081 521 urbes
1109 496 1157 521 ex
1186 484 1286 534 agris
1313 484 1483 530 remotis,

78 566 163 589 curn
195 552 302 590 Sulla
329 551 517 589 militibus
555 551 631 588 suis
668 551 824 600 praedia
861 551 1066 597 divisisset,
1100 564 1222 600 neque
1259 556 1388 589 tamen
1421 565 1485 589 eos

77 634 255 670 agrorum
275 620 445 658 culturae
466 619 699 657 assuefacere
718 624 857 668 posset,
880 620 944 668 qui
965 619 1174 657 divenditis
1193 620 1358 668 praediis
1377 620 1485 657 brevi

78 690 117 727 in
150 689 263 726 urbes
296 689 421 727 redire
455 693 675 738 coeperunt,
707 688 811 725 idem
848 688 950 737 quod
988 693 1101 726 antea
1133 689 1274 737 passim
1307 702 1484 739 agrorum

78 758 283 804 silentium,
306 757 440 795 eadem
468 770 680 807 pauperum
708 757 747 794 in
776 756 936 794 urbibus
964 757 1182 806 frequentia
1209 757 1291 795 fuit.
1350 758 1484 795 Patres

80 839 231 876 quoque
264 830 303 863 et
336 826 542 875 optimates
571 826 610 862 in
640 826 915 876 comparandas
953 825 1110 863 divitias
1138 825 1211 863 toti
1238 826 1458 864 incumbere
1474 841 1484 873 3

77 895 170 932 dum
202 894 449 944 magistratus
482 907 550 931 suo
579 899 733 931 tantum
766 893 966 931 commodo
996 893 1165 940 student,
1195 894 1365 932 invalida
1392 894 1485 931 foris

78 963 290 1012 respublica
322 963 400 999 fieri
435 967 568 1012 coepta
601 967 670 1008 est,
705 976 791 999 cum
829 962 921 1000 satis
959 967 1150 1000 constaret
1183 963 1419 1009 iniuriarum,
1454 963 1486 1000 si

79 1045 174 1082 quae
190 1032 435 1077 inferrentur,
449 1036 516 1069 aut
531 1031 678 1068 tardius
695 1036 761 1068 aut
774 1031 929 1068 omnino
942 1045 1018 1068 non
1035 1031 1225 1069 vindicem
1241 1032 1481 1070 exstiturum.

579 1190 768 1226 Sertorius
787 1190 827 1226 in
849 1190 880 1227 S
872 1190 979 1237 pain.

133 1284 396 1332 81.—Itaque
428 1282 468 1319 in
502 1282 692 1331 Hispania
725 1281 955 1319 seditionem
989 1282 1062 1319 init
1096 1282 1261 1329 Quintus
1295 1282 1486 1320 Sertorius

81 1364 178 1388 unus
205 1363 224 1388 e
250 1350 290 1388 O.
328 1350 443 1387 Marii
477 1349 622 1399 legatis,
655 1349 720 1398 qui
753 1362 923 1398 regresso
959 1349 1066 1387 Sulla
1097 1350 1137 1386 in
1169 1349 1346 1386 exsilium
1379 1350 1484 1388 abiit.

80 1420 179 1457 Cum
204 1419 386 1456 barbaros
416 1419 489 1456 sibi
517 1418 765 1464 conciliasset,
788 1418 819 1455 is
840 1419 941 1455 enim
962 1423 1044 1456 erat
1073 1419 1137 1467 qui
1167 1418 1355 1456 eiusmodi
1382 1418 1487 1456 hom-

80 1489 208 1526 inibus
227 1488 457 1538 persuadere
477 1492 616 1536 posset,
639 1486 742 1524 idem
770 1486 914 1524 multos
942 1487 1136 1525 Romanos
1165 1500 1292 1524 secum
1315 1487 1484 1534 haberet,

81 1570 172 1594 mox
191 1557 311 1594 tantis
340 1556 508 1606 praefuit
536 1555 666 1605 copiis,
688 1560 730 1592 ut
761 1569 856 1605 quae
877 1555 1003 1602 vellet,
1026 1556 1136 1593 facile
1162 1556 1319 1605 exsequi
1347 1561 1484 1605 posset.

82 1626 192 1673 Quod
221 1625 287 1663 ubi
316 1624 674 1662 animadverterunt
701 1629 840 1673 patres,
875 1623 943 1661 Cn.
975 1624 1202 1673 Pompeium
1230 1637 1315 1662 cum
1348 1638 1487 1674 magno

82 1694 253 1732 exercitu
290 1693 472 1730 adversus
507 1705 593 1729 eum
630 1692 825 1729 miserunt.
897 1692 995 1729 Cum
1028 1692 1095 1729 diu
1131 1697 1343 1741 pugnatum
1376 1697 1487 1739 esset,

82 1775 205 1812 neque
236 1762 322 1798 finis
354 1761 447 1798 belli
480 1765 690 1809 appareret,
728 1760 921 1809 Hispanos
958 1760 1115 1798 tandem
1144 1760 1260 1798 cladis
1293 1761 1489 1810 poenitere

82 1830 217 1879 coepit.
267 1829 365 1866 Tum
387 1828 562 1866 nonnulli
579 1842 598 1865 e
618 1828 753 1877 legatis
770 1828 982 1865 Sertorium
1003 1828 1040 1864 in
1059 1829 1225 1866 tentorio
1241 1828 1341 1866 inter
1355 1829 1491 1877 pocula

81 1898 381 1936 trucidaverunt.
441 1897 502 1934 Ita
522 1897 607 1933 finis
636 1897 736 1934 bello
758 1897 959 1946 impositus
980 1902 1037 1933 est
1057 1902 1095 1934 et
1124 1897 1312 1946 Hispania
1340 1897 1488 1934 tamdiu

82 1972 232 2005 vastata
251 1966 451 2016 requievit.

568 2107 606 2142 T
602 2108 742 2142 razsblcs
761 2107 800 2142 sn
822 2107 881 2142 the
897 2107 1005 2143 East.

136 2199 349 2239 82.—Nec
395 2198 434 2235 in
481 2198 669 2247 Hispania
706 2197 827 2234 solum
875 2203 1049 2246 acceptae
1095 2198 1227 2236 clades.
1304 2199 1405 2237 Nam
1450 2199 1490 2236 id

82 2269 266 2317 temporis
285 2267 432 2317 piratae
460 2280 563 2303 mare
583 2266 905 2303 mediterraneum
934 2266 1143 2304 latrociniis
1171 2267 1354 2305 infestum
1380 2268 1491 2305 habe-

83 2337 189 2382 bant,
228 2341 357 2385 captas
394 2340 648 2373 mercatorum
687 2348 803 2372 naves
840 2334 889 2372 ad
932 2347 1017 2372 suas
1056 2335 1164 2372 sedes
1209 2336 1310 2373 inter
1348 2336 1490 2373 insulas
