1559 2463
88 68 135 101 60
313 65 550 101 SECOND
578 64 767 101 LATJN
787 63 1066 101 READJNG
1094 64 1265 100 BOOK.
1304 59 1423 112 [PART
1445 73 1482 98 11.

86 173 129 209 fit
148 171 324 220 impetus.
382 172 480 209 Cum
508 171 624 209 biduo
644 170 787 207 frustra
814 175 1027 220 pugnatum
1055 174 1165 215 esset,
1186 169 1300 206 tertio
1330 168 1486 206 tandem

85 240 146 278 die
167 240 314 278 Xerxes
342 240 389 278 de
418 240 554 277 semita
583 239 722 276 certior
750 239 872 276 factus
900 252 1058 288 magnas
1086 238 1212 288 copias
1240 237 1362 274 mittit
1391 250 1487 286 quae

83 309 247 346 Graecos
276 322 298 346 a
324 313 432 358 tergo
461 308 712 346 adorirentur.
773 307 941 354 Quarum
970 320 1037 356 per
1065 307 1192 352 silvas,
1214 306 1352 355 quibus
1373 305 1487 343 obsiti

82 380 192 413 erant
229 381 379 414 montes
416 389 567 414 accessu
604 375 747 422 audito,
783 389 924 425 pavore
948 375 1148 425 *eiusmodi
1180 374 1396 423 perculsum
1429 378 1487 411 est

83 444 315 493 praesidium
344 450 387 482 ut
415 445 454 481 in
474 445 604 494 fugam
624 458 662 481 se
691 444 912 493 reciperent.
972 443 1083 490 Quod
1111 443 1177 480 ubi
1206 442 1401 492 cognitum
1429 446 1487 479 est

83 513 239 550 minime
272 513 483 551 Leonidam
514 513 654 551 fefellit
686 514 766 550 fore
799 518 844 550 ut
874 513 1156 550 circumventus
1185 511 1487 561 opprimeretur3

83 596 167 619 cum
187 587 315 620 autem
334 582 435 632 leges
456 583 667 631 Spartanae
686 581 849 618 militem
869 585 1045 618 vetarent
1064 594 1085 618 a
1114 580 1278 617 statione
1298 579 1483 625 recedere,

82 650 248 688 dimissis
281 651 415 688 ceteris
449 664 533 688 cum
566 650 746 688 trecentis
781 649 980 699 Spartanis
1009 649 1058 687 ad
1091 649 1271 686 ultimum
1303 648 1485 685 dimicare

81 719 292 756 constituit.
350 719 602 768 Thespienses
639 723 769 756 tamen
799 719 847 756 ad
881 718 1156 767 septingentos,
1193 717 1367 766 quamvis
1405 716 1486 754 sine

82 787 266 825 dedecore
303 787 453 837 regredi
490 787 632 834 liceret,
664 788 871 825 stationem
904 787 1078 825 deserere
1112 786 1328 823 noluerunt.
1386 784 1483 822 Cum

80 855 316 906 aliquamdiu
352 856 533 894 acerrime
567 861 779 906 pugnatum
816 860 916 893 esset
952 855 1088 893 Graeci
1122 854 1170 892 ad
1198 867 1318 891 unum
1355 866 1486 891 omnes

81 924 274 962 interfecti
295 929 393 962 sunt.

516 1012 554 1047 T
548 1012 591 1046 he
609 1012 738 1047 Battle
756 1011 799 1058 of
812 1011 1065 1047 Artemisium.

136 1093 451 1133 125.—Interim
489 1093 603 1130 duces
636 1093 791 1130 navium
830 1093 1072 1139 Graecarum,
1107 1092 1256 1142 quibus,
1291 1096 1335 1128 ut
1372 1104 1485 1139 supra

80 1163 437 1209 demonstravimus,
460 1162 594 1199 datum
622 1167 704 1200 erat
732 1162 929 1211 negotium
958 1167 1001 1199 ut
1020 1161 1251 1210 impedirent
1281 1159 1483 1210 quominus

80 1231 218 1268 Persae
256 1230 372 1268 classe
398 1234 662 1279 praetervecta
687 1229 899 1267 Leonidam
937 1243 959 1267 a
987 1234 1094 1279 tergo
1133 1228 1388 1273 adorirentur,
1418 1226 1484 1263 ubi

79 1298 208 1336 hostes
237 1298 543 1347 appropinquare
572 1298 897 1344 animadvertunt,
928 1297 1055 1335 subito
1085 1310 1225 1346 pavore
1254 1295 1415 1346 perculsi
1444 1295 1482 1331 in

78 1368 210 1417 fugam
230 1380 268 1404 se
289 1372 524 1416 receperunt.
582 1367 824 1404 Euboeenses
853 1379 943 1404 vero
963 1366 1059 1403 iram
1080 1365 1219 1403 Xerxis
1243 1366 1291 1402 ob
1311 1365 1483 1401 incensas

80 1435 218 1473 Sardes
246 1435 570 1484 pertimescentes,
592 1448 636 1472 ea
655 1435 876 1472 condicione
905 1434 1155 1471 Themistocli
1183 1432 1345 1483 triginta
1366 1433 1485 1470 talen-

79 1509 162 1540 tum
182 1503 395 1540 mercedem
415 1504 648 1549 obtulerunt,
670 1504 702 1540 si
722 1503 881 1540 ducibus
901 1502 1130 1552 persuadere
1158 1501 1348 1550 potuisset
1367 1501 1423 1538 uti
1442 1501 1481 1538 in

78 1572 244 1609 statione
272 1576 480 1610 manerent.
540 1572 578 1609 Is
607 1577 736 1609 autem
769 1585 855 1609 cum
882 1576 1031 1621 partem
1060 1570 1244 1608 mercedis
1272 1570 1483 1619 Eurybiadi

77 1640 236 1690 aliisque
257 1654 276 1677 e
296 1640 458 1678 ducibus
477 1641 763 1690 impertivisset,
785 1645 934 1690 partem
963 1641 1043 1690 ipse
1063 1645 1262 1685 servasset,
1284 1644 1326 1676 ut
1346 1639 1481 1677 Persas

77 1708 179 1746 ultro
212 1709 513 1758 aggrederentur
544 1709 698 1747 Graecis
731 1709 929 1758 persuasit.
1001 1708 1047 1745 Id
1077 1708 1193 1746 etiam
1220 1707 1368 1745 animos
1397 1720 1480 1744 con—

76 1777 245 1814 firmavit
278 1777 380 1827 quod
414 1778 551 1815 Persae
589 1778 716 1816 subita
752 1777 919 1826 procella
952 1777 1160 1815 conflictati
1192 1776 1333 1814 multas
1363 1789 1480 1813 naves

76 1846 294 1884 amiserunt.
353 1846 514 1896 Egregie
543 1847 723 1896 utrinque
753 1846 910 1896 ancipiti
932 1847 1058 1883 Marte
1086 1845 1331 1895 pugnabatur
1358 1844 1480 1882 donec

74 1915 338 1952 renuntiatum
375 1920 433 1952 est
471 1915 681 1964 Spartanos
717 1915 766 1952 ad
805 1914 1083 1964 Thermopylas
1121 1914 1344 1951 interfectos
1385 1926 1475 1951 esse.

76 1983 222 2029 Quibus
268 1983 458 2021 nuntiatis
496 1983 663 2021 Graecae
701 1997 816 2021 naves
855 1997 876 2021 a
922 1983 1087 2021 statione
1125 1982 1310 2020 recedunt
1355 1986 1394 2019 et
1430 1981 1478 2019 ad

76 2051 270 2089 Salamina
288 2052 439 2089 hostem
460 2057 696 2101 exspectant.

498 2179 573 2214 lee
592 2179 831 2215 Destruction
851 2178 894 2223 of
906 2179 1062 2214 Athens.

132 2260 391 2307 126.—Quae
412 2274 497 2298 cum
516 2261 570 2298 ita
585 2265 722 2306 essent,
739 2261 913 2310 quamvis
933 2264 1133 2310 appareret
1144 2260 1225 2297 fore
1244 2264 1288 2296 ut
1301 2259 1478 2296 Athenae

74 2333 312 2378 caperentur,
360 2333 513 2366 tantum
568 2329 693 2367 abfuit
738 2334 782 2366 ut
827 2329 1008 2378 Spartani
1053 2328 1264 2366 exercitum
1308 2328 1477 2365 subsidio
