1559 2463
73 54 178 81 PART
197 41 275 94 111.]
391 41 758 81 ALEXANDER
793 41 911 79 THE
943 40 1149 80 GREAT.
1404 53 1474 87 129

70 152 199 189 nitens
231 154 270 188 et
298 154 511 197 coronatus,
531 149 640 188 laeva
667 149 872 200 puniceum
900 148 1117 195 amiculum,
1138 147 1277 186 dextra
1303 147 1476 186 validum

70 219 333 269 nodosumque
352 219 524 269 stipitem
547 217 794 268 praeferebat.
854 217 991 267 Itaque
1019 216 1191 264 Macedo,
1213 216 1318 254 haud
1338 216 1478 254 dubius

71 288 218 326 eminus
250 301 338 326 eum
368 287 532 326 interfici
564 300 685 337 posse,
720 287 892 325 lanceam
924 286 1073 324 emisit:
1113 299 1229 336 quam
1256 285 1476 335 Dioxippus

70 369 156 395 oum
175 356 344 403 vitasset,
359 360 564 406 antequam
583 355 647 394 ille
666 355 817 394 hastam
835 353 1064 392 transferret
1078 354 1119 391 in
1139 354 1328 400 dextram,
1346 353 1477 403 stipite

66 424 233 464 mediam
251 425 375 475 fregit.
433 424 586 464 Amisso
614 429 778 475 utroque
806 424 883 462 telo
913 423 1076 463 Macedo
1096 423 1269 473 gladium
1299 427 1476 472 coeperat

70 493 268 544 stringere,
316 507 429 545 quem
474 497 702 543 occupatum
748 492 949 542 complexu
996 492 1216 541 Dioxippus
1254 492 1294 528 in
1332 496 1475 531 terram

69 562 206 601 deiecit
241 563 453 613 pedemque
491 575 604 612 super
639 561 825 600 cervicem
860 561 1001 601 iacenti
1045 561 1240 612 imposuit,
1281 561 1474 600 occisurus

69 643 232 683 quoque,
253 631 293 669 ni
313 644 334 670 a
352 643 441 681 rege
460 629 678 681 prohibitus
699 633 808 668 esset.

536 748 717 796 Mz'lz‘tary
736 748 778 784 E
779 746 1001 795 ngz‘neering.

120 824 378 864 Zea—Inde
415 824 661 862 Praestorum
698 823 828 861 diruta
874 835 957 861 arce
1005 827 1043 861 et
1089 823 1268 862 omnibus
1315 825 1476 874 captivis

67 892 321 939 venumdatis,
344 892 475 930 Sambi
502 892 602 942 regis
621 892 715 929 fines
735 891 928 941 ingressus
947 895 1006 928 est
1025 890 1250 929 Alexander
1268 892 1476 942 multisque

68 960 217 1010 oppidis
252 961 292 998 in
324 960 439 998 fidem
471 961 635 1010 acceptis
667 960 943 998 validissimam
975 960 1101 1010 gentis
1133 960 1267 998 urbem
1301 961 1476 999 cuniculo

69 1029 177 1078 cepit.
234 1029 414 1067 Barbaris
451 1028 573 1066 simile
610 1029 773 1066 monstri
810 1029 936 1066 visum
969 1032 1038 1075 est,
1073 1028 1217 1078 ignaris
1249 1029 1476 1068 militarium

69 1111 226 1147 operum
242 1114 252 1146 3
292 1111 381 1136 nam
411 1098 451 1135 in
483 1097 610 1135 media
641 1097 761 1135 ferme
791 1097 885 1135 urbe
918 1097 1059 1134 armati
1088 1101 1191 1135 terra
1224 1098 1473 1145 exsistebant,

68 1167 173 1204 nullo
210 1167 358 1205 suffossi
405 1180 538 1216 specus
575 1170 664 1205 ante
710 1166 874 1216 vestigio
919 1166 1033 1204 facto.
1117 1167 1326 1216 Octoginta
1370 1168 1476 1206 milia

67 1235 253 1273 Indorum
282 1235 322 1272 in
355 1249 399 1273 ea
426 1236 579 1285 regione
613 1248 719 1273 caesa
752 1234 969 1274 Clitarchus
998 1238 1056 1273 est
1085 1239 1227 1282 auctor,
1256 1235 1474 1287 multosque

68 1304 238 1355 captivos
259 1304 328 1342 sub
349 1317 487 1342 corona
505 1303 679 1342 veniisse.

457 1423 494 1459 Α
526 1423 665 1469 Victory
685 1434 768 1459 wan
787 1422 830 1469 by
850 1421 1070 1469 Stratagem.

117 1497 381 1538 264.—Tum
418 1497 583 1536 secundo
621 1510 732 1535 amne
768 1498 946 1548 pervenit
983 1497 1032 1535 ad
1069 1497 1255 1548 oppidum
1292 1499 1395 1548 quod
1432 1500 1472 1538 in

64 1579 182 1617 regno
219 1570 302 1603 erat
339 1566 481 1604 Sambi.
563 1566 698 1616 Nuper
735 1579 773 1604 se
819 1565 883 1603 ille
921 1565 1136 1612 dediderat,
1175 1566 1241 1603 sed
1288 1567 1471 1616 oppidani

64 1635 331 1673 detrectabant
350 1634 552 1684 imperium
571 1639 610 1672 et
639 1634 856 1672 clauserant
875 1638 1018 1684 portas,
1077 1633 1249 1682 Quorum
1276 1635 1470 1684 paucitate

64 1707 284 1752 contempta
311 1716 379 1740 rex
399 1702 629 1753 quingentos
657 1716 676 1741 e
698 1704 775 1740 suis
803 1703 954 1741 moenia
973 1703 1100 1740 subire
1129 1703 1241 1741 iussit
1261 1708 1299 1741 et
1328 1705 1469 1742 sensim

62 1772 282 1809 recedentes
301 1771 434 1809 elicere
455 1776 565 1809 extra
579 1785 707 1810 muros
727 1772 885 1810 hostem.
944 1772 1102 1819 Milites,
1121 1772 1219 1810 sicut
1237 1772 1469 1823 imperatum

63 1844 155 1886 erat,
189 1840 364 1878 lacessito
384 1840 493 1877 hoste
523 1839 651 1877 subito
681 1844 790 1890 terga
821 1844 991 1887 vertunt,
1018 1854 1112 1890 quos
1141 1841 1294 1879 barbari
1322 1846 1466 1880 temere

62 1909 308 1958 insequentes
323 1909 364 1946 in
383 1908 487 1955 alios,
505 1909 607 1947 inter
626 1922 721 1958 quos
741 1909 822 1959 ipse
842 1922 911 1947 rex
931 1913 1022 1955 erat,
1041 1909 1227 1947 incidunt.
1286 1910 1469 1949 Redinte-

60 1982 169 2027 grato
197 1977 315 2027 igitur
333 1977 477 2026 proelio
497 1990 545 2015 ex
564 1977 689 2015 tribus
717 1977 871 2015 milibus
901 1978 1150 2016 barbarorum
1179 1979 1348 2017 sexcenti
1369 1980 1466 2018 caesi

61 2050 161 2092 sunt,
182 2046 286 2084 mille
306 2046 419 2096 capti,
440 2046 556 2084 ceteri
574 2046 774 2084 moenibus
793 2046 899 2084 urbis
918 2046 1063 2085 inclusi.

578 2169 761 2206 poisoned
776 2169 944 2207 Swords.

111 2244 351 2284 265.-Sed
396 2257 484 2291 non,
522 2248 567 2281 ut
602 2244 726 2294 prima
772 2258 837 2294 spe
873 2244 974 2282 laeta
1020 2244 1189 2291 victoria,
1229 2245 1284 2283 ita
1321 2250 1463 2284 eventu

58 2324 208 2361 quoque
244 2311 332 2358 fuit,
369 2312 521 2350 barbari
558 2312 660 2350 enim
697 2325 846 2350 veneno
878 2312 1026 2362 gladios
1059 2313 1266 2351 tinxerant.
1324 2314 1461 2364 Itaque

752 2392 765 2418 1
