1559 2463
90 65 160 99 126
296 64 531 101 SECOND
559 65 749 100 LATJN
767 64 1043 101 READING
1072 64 1239 101 BOOK.
1283 61 1404 113 [PART
1424 74 1481 99 111.

84 170 238 219 ingenio
274 171 428 217 milites,
467 170 608 208 clamor
644 172 691 208 ab
729 171 898 208 exercitu
944 175 1002 208 est
1041 169 1215 207 redditus
1256 170 1483 216 iubentium,

85 239 241 276 duceret
259 238 332 276 diis
352 238 537 276 secundis.
594 239 693 276 Tum
711 239 833 276 laetus
852 252 919 276 rex
948 238 997 276 ad
1016 238 1145 275 hostes
1164 238 1339 287 protinus
1363 242 1486 276 castra

88 312 229 345 movet.

535 407 571 443 A
592 408 720 444 Hairb
725 408 852 443 readtlz
874 408 915 443 E
916 413 1024 454 scape.

140 499 536 538 257.—Perventum
573 497 712 536 deinde
745 503 803 536 est
839 498 887 538 ad
920 498 1117 548 oppidum,
1151 502 1266 548 caput
1297 498 1414 548 regni,
1449 498 1489 534 in

89 567 191 616 quod
211 566 382 616 plerique
411 565 672 615 confugerant,
694 566 797 604 haud
825 566 967 604 maiore
996 566 1135 604 fiducia
1162 567 1355 604 moenium
1376 579 1490 616 quam

89 648 291 672 armorum.
367 633 547 671 Admotis
592 634 702 671 scalis
747 647 815 671 rex
861 634 901 671 in
946 647 1098 671 murum
1144 634 1284 681 evadit,
1323 647 1491 684 pugnam

89 702 264 751 princeps
285 702 369 747 ciet,
391 701 457 739 sed
487 701 595 739 scalis
614 702 782 751 pondere
811 702 1098 740 ascendentium
1127 703 1270 748 fractis,
1290 703 1330 739 in
1355 702 1492 740 mediis

90 770 263 808 hostibus
283 770 515 808 destituitur.
575 770 710 819 Neque
726 775 855 808 autem
874 771 945 808 hoc
965 784 1053 808 casu
1073 771 1280 808 exterritus
1300 771 1339 808 in
1359 771 1491 808 urbem

89 839 288 887 praecipiti
308 839 408 876 saltu
428 852 466 875 se
486 838 656 885 immisit,
678 852 758 876 rem
778 852 891 876 ausus
911 839 1176 877 incredibilem
1192 853 1314 889 neque
1334 844 1491 877 eatenus

89 906 270 944 auditam.
330 907 444 944 Brevi
474 912 603 945 autem
636 907 777 956 sagitta
807 908 954 945 saucius
987 908 1109 945 cadit:
1145 909 1272 958 itaque
1306 908 1353 945 ad
1384 907 1493 957 spoli-

90 975 234 1012 andum
253 989 399 1025 corpus,
421 976 486 1025 qui
514 976 792 1023 vulneraverat,
824 977 946 1014 alacer
973 977 1113 1026 gaudio
1141 977 1312 1015 accurrit.
1372 976 1493 1023 Quem

91 1048 134 1081 ut
161 1044 315 1081 iniicere
343 1045 493 1093 corpori
525 1058 593 1081 suo
626 1058 761 1082 manus
794 1045 912 1082 sensit
944 1059 1024 1091 rex,
1054 1046 1181 1083 ultimi
1213 1045 1408 1083 dedecoris
1440 1044 1494 1081 in-

92 1112 281 1162 dignitate
313 1118 536 1159 commotus,
572 1113 810 1162 linquentem
842 1114 1036 1151 revocavit
1072 1114 1242 1151 animum
1279 1119 1318 1152 et
1349 1113 1495 1151 nudum

92 1181 214 1218 hostis
260 1182 360 1219 latus
406 1182 576 1219 subiecto
622 1195 802 1220 mucrone
849 1182 985 1219 hausit.
1062 1183 1221 1220 Interim
1267 1182 1496 1220 Macedones

92 1263 240 1288 summo
261 1251 387 1289 studio
409 1251 575 1288 dolabris
599 1251 788 1300 perfracto
816 1264 925 1288 muro
946 1252 1174 1301 irrumpunt.
1233 1251 1322 1289 Non
1342 1251 1495 1289 senibus

92 1332 170 1357 non
191 1319 341 1356 feminis
362 1333 439 1357 non
458 1319 672 1357 infantibus
691 1320 881 1369 parcitur:
910 1319 1081 1369 quisquis
1110 1325 1333 1366 occurrerat,
1355 1320 1402 1357 ab
1431 1310 1496 1356 ilso

94 1387 339 1425 vulneratum
368 1400 496 1437 regem
529 1401 609 1425 esse
642 1388 859 1426 credebant.
917 1388 1015 1425 Cum
1048 1388 1206 1426 tandem
1238 1387 1497 1426 internecione

95 1456 265 1494 hostium
284 1456 405 1494 iustae
433 1456 510 1494 irae
537 1461 783 1506 parentatum
802 1462 912 1502 esset,
934 1470 1062 1507 regem
1090 1457 1192 1495 inter
1220 1456 1406 1494 cadavera
1436 1468 1497 1493 ex-

97 1525 263 1562 animem
282 1525 520 1575 conspiciunt
539 1531 578 1563 et
596 1525 636 1562 in
656 1530 785 1563 tutum
802 1531 1005 1575 reponunt.

552 1677 588 1712 A
612 1676 816 1723 Successfitl
837 1677 1046 1723 Opemzll'cm.

152 1776 419 1825 258.—Rego
452 1775 491 1812 in
525 1775 813 1812 tabernaculum
842 1776 962 1813 relato
993 1776 1129 1813 medici
1161 1776 1308 1826 lignum
1341 1776 1500 1825 sagittae

100 1845 247 1894 corpori
284 1844 446 1881 infixum
474 1856 521 1880 ne
549 1843 737 1892 spiculum
769 1849 988 1882 moveretur
1024 1844 1262 1882 abscindunt.
1334 1844 1500 1894 Corpore

101 1913 241 1951 deinde
259 1911 406 1949 nudato
427 1911 740 1949 animadvertunt
756 1912 888 1949 hamos
908 1913 1029 1950 inesse
1045 1913 1132 1959 telo,
1150 1926 1218 1950 nec
1238 1913 1348 1950 aliter
1363 1913 1403 1950 id
1422 1913 1501 1950 sine

102 1981 267 2031 pernicie
287 1980 453 2030 corporis
468 1979 618 2017 extrahi
637 1993 747 2029 posse
776 1994 891 2029 quam
910 1986 954 2018 ut
982 1981 1144 2018 secando
1168 1986 1359 2031 augerent.
1418 1982 1500 2018 Rex

102 2063 188 2087 cum
208 2050 431 2087 affirmasset
457 2048 555 2085 nihil
583 2061 677 2097 opus
706 2061 786 2085 esse
815 2049 860 2085 iis
889 2049 955 2098 qui
984 2054 1105 2087 semet
1133 2050 1385 2096 continerent,
1407 2050 1503 2086 sicut

102 2122 347 2168 praeceptum
375 2121 466 2163 erat,
498 2117 577 2153 sine
606 2122 713 2154 motu
742 2117 917 2166 praebuit
945 2131 1089 2167 corpus.
1147 2118 1282 2167 Itaque
1311 2118 1502 2167 patefacto

102 2187 217 2224 latius
254 2186 410 2223 vulnere
443 2190 482 2221 et
513 2184 657 2234 spiculo
695 2185 838 2231 evulso,
871 2185 1006 2235 ingens
1038 2186 1096 2223 vis
1124 2186 1319 2236 sanguinis
1351 2198 1503 2224 manare

105 2255 229 2303 coepit
247 2253 445 2303 linquique
466 2253 592 2290 animo
620 2266 687 2290 rex
717 2258 756 2290 et
783 2253 944 2303 caligine
965 2254 1083 2292 oculis
1111 2255 1231 2292 offusa
1257 2254 1378 2293 veluti
1397 2254 1506 2291 mori-

105 2322 257 2360 bundus
285 2321 450 2359 extendi.
510 2321 683 2370 Cumque
712 2321 937 2371 sanguinem
969 2327 1190 2361 manantem
1219 2322 1506 2361 medicamentis
