1559 2463
117 67 189 90 110
315 54 552 92 SECOND
579 55 768 90 LATJN
786 55 1065 92 READING
1094 56 1262 93 BOOK.
1314 54 1436 106 [PART
1458 67 1511 93 111.

729 184 765 219 A
789 184 899 219 Duel.

165 272 482 312 225.—Interea
494 272 541 309 ad
554 271 820 309 Alexandrum
836 272 1018 310 adversus
1033 272 1194 310 Bessum
1207 275 1514 322 contendentem,

112 355 208 392 quae
228 342 342 380 duces
371 343 427 379 sui
457 346 592 379 contra
613 341 725 379 Arios
744 342 945 379 barbaram
965 346 1120 392 gentem
1148 344 1335 393 gesserint
1360 345 1517 381 nuntius

112 410 311 460 perfertur.
371 411 583 448 Commisso
613 409 758 459 proelio
788 410 1087 457 Satibarzanem,
1116 412 1180 460 qui
1212 412 1383 449 barbaris
1415 426 1519 462 prae-

113 484 223 523 esset,
263 492 347 515 cum
381 479 537 527 ancipiti
558 477 685 515 Marte
718 479 879 527 pugnari
913 478 1084 525 vidisset,
1117 480 1157 516 in
1190 480 1332 529 primos
1366 480 1518 518 ordines

113 548 352 596 adequitasse
383 547 614 596 demptaque
644 546 762 596 galea,
784 546 960 584 inhibitis
990 548 1054 596 qui
1086 548 1162 585 tela
1189 549 1367 595 iacerent,
1401 549 1518 598 siquis

113 617 259 655 viritim
279 616 458 653 dimicare
489 615 607 653 vellet
637 627 861 663 provocasse
891 615 938 652 ad
959 629 1150 666 pugnam:
1180 617 1327 654 nudum
1347 631 1385 655 se
1406 622 1519 667 caput

114 686 154 722 in
188 685 393 722 certamine
427 683 658 720 habiturum.
717 683 853 732 Neque
882 683 1014 721 tulisse
1044 684 1188 722 feroces
1216 685 1367 723 barbari
1396 687 1518 723 minas

114 754 325 803 Erygyium
345 752 480 789 ducem
509 752 776 798 Macedonum,
798 752 860 801 qui
883 757 926 789 ut
952 754 1079 802 gravis
1108 758 1233 791 aetate
1261 755 1316 792 ita
1335 759 1374 792 et
1402 755 1518 792 animi

114 827 153 859 et
190 822 358 871 corporis
404 821 539 858 robore
586 820 682 857 nulli
717 821 899 857 iuvenum
931 821 1199 870 postferendus
1241 827 1348 860 esset.
1420 823 1520 860 Eum

114 891 222 941 galea
250 890 406 939 dempta
426 889 667 934 exclamasse,
689 888 810 926 Venit
829 889 921 935 dies,
943 902 1018 938 quo
1047 895 1114 927 aut
1132 891 1292 928 victoria
1312 896 1378 929 aut
1397 897 1519 930 morte

115 959 384 996 honestissima
416 957 546 1007 quales
576 957 717 1001 milites
747 957 888 994 habeat
918 958 1140 996 Alexander
1172 959 1381 997 ostendam.
1439 960 1519 997 Nec

116 1028 226 1077 plura
253 1027 424 1064 locutum
457 1039 597 1075 equum
630 1026 669 1062 in
703 1026 853 1064 hostem
887 1028 1018 1076 egisse,
1041 1027 1205 1065 eundem
1232 1041 1309 1065 uno
1336 1029 1415 1065 ictu
1443 1033 1519 1066 tru-

117 1096 269 1134 cidasse.
329 1095 428 1132 Tum
455 1095 638 1131 barbaros
669 1094 763 1131 duce
792 1095 930 1131 amisso
964 1108 1077 1144 quem
1105 1096 1225 1145 magis
1254 1097 1373 1134 coacti
1406 1110 1520 1146 quam

116 1169 252 1214 sponte
290 1177 357 1201 sua
395 1164 513 1201 secuti
551 1167 689 1208 essent,
729 1176 834 1200 arma
870 1163 1039 1213 Erygyio
1085 1164 1297 1202 tradidisse.
1374 1165 1520 1212 Quibus

116 1233 304 1270 nuntiatis
337 1244 404 1268 rex
442 1230 601 1268 Bessum
637 1244 869 1280 persequens
906 1232 1032 1280 copias
1064 1233 1198 1278 movit,
1233 1233 1291 1269 cui
1330 1233 1520 1281 Erygyius

117 1301 237 1350 spolia
256 1300 418 1345 barbari,
439 1299 607 1348 opimum
628 1299 718 1335 belli
739 1299 863 1345 decus⁷
885 1300 1104 1348 praeferens
1124 1301 1296 1338 occurrit.

499 1465 574 1500 The
594 1466 732 1500 Allarcll
752 1466 910 1512 throagll
931 1466 988 1501 the
1008 1467 1149 1502 Desert.

171 1556 431 1597 2260—1nde
469 1556 571 1605 apud
610 1556 833 1593 Bactrianos
870 1556 1155 1605 impedimentis
1201 1569 1286 1593 cum
1331 1556 1520 1606 praesidio

118 1627 272 1672 relictis,
305 1626 385 1674 ipse
419 1638 504 1661 cum
537 1624 719 1673 expedito
751 1625 902 1674 agmine
941 1624 1022 1661 loca
1054 1624 1205 1662 deserta
1242 1624 1520 1675 Sogdianorum

117 1697 248 1741 intrat,
282 1699 469 1731 nocturno
506 1694 642 1730 itinere
681 1694 891 1730 exercitum
911 1693 1062 1731 ducens.
1132 1693 1331 1742 Aquarum
1364 1694 1522 1743 penuria

118 1765 222 1814 prius
238 1762 503 1812 desperatione
524 1774 639 1810 quam
654 1761 842 1798 desiderio
862 1761 1017 1799 bibendi
1035 1761 1137 1798 sitim
1150 1761 1333 1808 accendit,
1352 1775 1436 1799 cum
1455 1775 1522 1811 per

119 1833 399 1882 quadringenta
419 1830 543 1867 stadia
562 1843 610 1868 ne
630 1830 801 1868 modicus
817 1831 971 1880 quidem
993 1831 1130 1867 humor
1142 1831 1333 1868 existeret.
1374 1831 1521 1868 Arenas

119 1915 238 1951 vapor
267 1901 401 1938 aestivi
429 1900 518 1937 solis
546 1899 741 1946 acce11clit3
775 1912 870 1949 quae
899 1900 963 1937 ubi
993 1900 1151 1949 flagrare
1180 1904 1396 1949 coeperunt,
1418 1900 1520 1937 haud

121 1982 226 2007 secus
246 1982 360 2018 quam
380 1968 593 2005 continenti
612 1966 790 2004 incendio
811 1971 946 2004 cuncta
966 1971 1170 2004 torrentur.
1228 1966 1362 2017 Caligo
1381 1967 1520 2004 deinde

120 2037 324 2075 immodico
343 2040 466 2074 terrae
487 2035 635 2072 fervore
656 2035 823 2072 excitata
850 2035 972 2072 lucem
1000 2035 1107 2084 tegit,
1129 2047 1422 2084 camporumque
1442 2049 1519 2073 non

121 2107 195 2144 alia
222 2119 337 2155 quam
364 2109 463 2142 vasti
493 2108 531 2141 et
558 2103 741 2153 profundi
770 2104 944 2152 aequoris
972 2104 1114 2153 species
1142 2107 1208 2142 est.
1277 2103 1518 2141 Nocturnum

120 2178 194 2215 iter
211 2174 410 2212 tolerabile
440 2173 656 2219 videbatur,
679 2173 768 2221 quia
795 2185 879 2210 rore
908 2176 947 2209 et
974 2172 1166 2209 matutino
1193 2171 1334 2222 frigore
1363 2185 1519 2221 corpora

120 2245 358 2282 levabantur.
414 2242 595 2280 Ceterum
627 2256 712 2279 cum
740 2242 822 2291 ipsa
854 2242 936 2279 luce
969 2246 1096 2279 aestus
1125 2242 1258 2288 oritur,
1292 2254 1517 2291 omnemque

120 2314 320 2351 humorem
340 2312 517 2350 absorbet
537 2311 684 2348 siccitas
701 2326 707 2348 :
736 2324 802 2348 ora
821 2311 1040 2359 visceraque
1060 2311 1214 2359 penitus
1234 2314 1406 2347 uruntur.
