1559 2463
96 78 144 121 84
321 77 559 114 SECOND
586 77 778 113 LATJN
796 79 1074 116 READING
1102 78 1272 116 BOOK
1313 76 1435 128 [PART
1455 89 1495 115 11.

94 187 272 225 idoneam
301 188 536 225 occasionem
563 192 709 234 nactus,
736 188 885 237 impetu
912 189 953 226 in
980 189 1277 227 Atheniensium
1305 202 1421 227 naves
1449 202 1498 226 ex

93 256 302 305 improviso
322 257 435 304 factO,
459 258 647 306 oppressis
676 257 771 304 aliis,
793 257 876 295 aliis
905 258 1037 307 captis,
1058 258 1218 307 imperio
1238 258 1358 308 Aegei
1380 258 1496 296 maris

94 325 242 373 potitus
262 330 327 362 est.

421 421 460 456 Τ
454 420 497 455 lle
518 421 612 455 Emi
627 420 674 466 of
684 421 741 455 tlze
761 420 1049 468 Peloponnesian
1080 421 1180 457 War.

149 510 403 549 mlh—Tum
423 523 513 547 vero
533 510 733 559 Lysander
753 524 839 548 cum
867 511 1010 549 insulas
1033 516 1073 548 et
1092 512 1124 549 si
1147 525 1243 561 quae
1263 511 1437 549 civitates
1455 512 1495 549 in

92 579 186 616 Asia
223 579 261 615 in
301 579 423 616 officio
456 592 547 629 erga
578 579 838 617 Athenienses
874 580 1115 625 mansissent,
1149 581 1257 617 brevi
1292 580 1496 618 intervallo

92 647 262 696 cepisset,
285 660 370 684 cum
398 647 523 696 Agide
544 647 821 696 Spartanorum
849 661 937 698 rege
966 648 1158 685 consensit
1185 653 1229 685 ut
1256 649 1336 697 ipse
1364 661 1495 686 omnes
1547 678 1553 685 ‚

91 719 225 763 portus
252 715 381 752 aditus
409 715 572 752 navibus
601 720 780 762 servaret,
803 716 866 753 ille
890 717 1022 753 castris
1045 716 1084 752 in
1108 716 1321 754 continenti
1349 716 1493 766 positis,

92 783 176 820 urbi
196 783 428 819 munitiones
449 782 709 821 circumdaret.
767 783 864 820 Inde
884 784 984 821 cives
1003 797 1151 821 menses
1172 788 1334 833 quatuor
1353 785 1494 821 obsessi

92 866 135 889 eo
155 852 330 888 miseriae
352 851 479 888 adacti
507 857 609 897 sunt,
630 852 763 889 morbo
784 852 896 889 simul
920 858 958 890 et
977 858 1084 901 peste
1103 853 1142 889 in
1162 853 1256 890 urbe
1277 852 1495 889 crudescen-

91 921 206 966 tibus,
228 926 271 958 ut
292 921 331 957 in
352 921 590 958 deditionem
607 921 793 958 venirent.
851 921 990 959 Pacem
1009 934 1121 970 porro
1142 921 1187 958 iis
1208 921 1495 958 condicionibus

90 990 348 1038 impetrarunt
384 994 427 1026 ut
464 989 623 1038 imperio
662 990 699 1025 in
737 989 857 1026 socios
898 1002 936 1026 se
974 989 1206 1035 abdicarent,
1245 989 1419 1038 murique
1456 993 1494 1026 et

91 1058 337 1102 munitiones,
376 1057 515 1105 quibus
556 1057 646 1093 urbs
689 1070 771 1093 cuin
815 1057 950 1094 Piraeo
993 1057 1297 1106 coniungeretur,
1340 1056 1493 1105 penitus

91 1131 363 1163 everterentur.

578 1227 616 1261 T
609 1227 652 1261 lle
676 1227 809 1273 Thirty
837 1228 1010 1272 Tyrants.

146 1310 447 1350 175.—Deletis
476 1309 719 1346 Athenarum
747 1309 960 1355 moenibus,
987 1309 1187 1358 Lysander
1212 1310 1251 1346 in
1280 1310 1372 1346 urbe
1401 1310 1493 1346 satis

91 1382 245 1418 firmum
273 1379 506 1428 praesidium
540 1378 751 1424 collocavit,
782 1391 857 1427 quo
886 1378 1033 1415 facilius
1062 1379 1161 1415 cives
1190 1379 1229 1415 in
1258 1378 1378 1415 officio
1406 1391 1495 1428 erga

91 1450 300 1499 Spartanos
334 1461 487 1484 manere
517 1452 754 1497 cogerentur,
784 1460 859 1484 neu
887 1447 1097 1496 quidquam
1130 1447 1222 1484 novi
1254 1447 1489 1485 molirentur.

90 1518 266 1567 Triginta
281 1530 427 1553 necnon
444 1516 535 1552 viris
556 1529 704 1552 summa
718 1529 845 1552 rerum
865 1515 1179 1561 dcmandabatur,
1197 1516 1333 1564 quibus
1353 1528 1490 1553 nomen

91 1588 250 1636 triginta
269 1586 443 1634 tyrannis
458 1599 479 1621 a
495 1585 640 1621 civibus
661 1585 834 1621 inditum.
881 1584 1017 1621 Multis
1036 1584 1125 1621 inde
1141 1585 1274 1633 capitis
1289 1584 1491 1630 damnatis,

91 1656 222 1693 inultis
244 1656 360 1692 etiam
384 1654 600 1691 exsulatum
625 1654 727 1691 abire
748 1654 897 1699 coactis,
918 1667 962 1691 eo
981 1654 1154 1690 miseriae
1174 1659 1401 1703 perventum
1421 1659 1490 1699 est,

89 1729 132 1761 ut
153 1724 263 1769 cives,
287 1724 342 1760 ira
370 1728 409 1760 et
435 1723 701 1771 desperatione
721 1723 963 1759 exulcerante
986 1722 1144 1767 animos,
1164 1723 1351 1759 novandis
1380 1723 1491 1759 rebus

90 1791 243 1829 studere
262 1791 468 1840 coeperint.
525 1791 576 1827 Et
596 1796 684 1827 ante
704 1795 880 1828 exactum
910 1804 1051 1827 annum
1080 1791 1228 1827 exsules
1255 1791 1371 1840 copiis
1395 1804 1491 1827 com—

88 1861 231 1910 paratis
259 1860 393 1896 urbem
422 1859 557 1904 adorti,
579 1872 665 1896 eum
693 1859 740 1896 de
759 1859 920 1908 triginta
939 1859 1030 1895 viris
1058 1872 1199 1908 poenas
1228 1859 1487 1908 sumpsissent,

90 1929 295 1977 pristinum
337 1941 463 1964 rerum
505 1932 649 1965 statum
692 1929 954 1974 restituerunt,
995 1929 1102 1976 parvi
1144 1940 1224 1964 rem
1265 1928 1492 1965 facientibus

88 1996 299 2044 Spartanis,
329 1995 393 2043 qui
429 1995 683 2032 Athenienses
716 2000 774 2032 tot
807 1996 954 2032 casibus
987 1996 1127 2032 fractos
1159 1995 1254 2032 nihil
1288 1995 1417 2032 damni
1452 1996 1488 2032 in

87 2069 283 2113 posterum
303 2064 375 2100 sibi
394 2076 503 2112 posse
524 2063 664 2100 inferre
684 2064 978 2100 arbitrabantur.

567 2195 791 2240 Szzpreaazao·
811 2194 854 2240 cff
867 2195 1017 2241 Sparta.

144 2276 468 2316 176.—Devictis
510 2276 824 2321 Atheniensibus,
862 2280 901 2314 et
942 2277 1015 2314 fine
1053 2276 1252 2314 discordiis
1298 2289 1393 2325 quae
1430 2279 1489 2313 tot

88 2358 207 2382 annos
223 2344 421 2382 Graeciam
442 2345 723 2383 dilaniaverant
738 2345 929 2394 imposito,
946 2344 1146 2394 Lysandro
1161 2345 1273 2382 urbes
1293 2345 1487 2382 circumire
