1559 2463
123 541 399 602 SECOND
460 540 684 600 LATIN
741 538 1072 598 READING
1130 538 1320 598 BOOK

614 719 777 754 PART
806 720 838 754 l.

413 836 691 874 HISTORY
739 836 817 873 OF
867 835 1045 872 ROME

165 932 242 968 TO
291 930 420 966 THE
470 927 998 965 ESTABLISHMENT
1043 927 1120 964 OF
1168 927 1298 962 THE

598 1021 858 1057 EMPIRE.

402 1131 474 1167 TVze
493 1130 617 1176 Early
636 1129 878 1164 Inlzczhitanls
896 1128 940 1176 of
952 1129 1063 1175 Italy.

85 1225 279 1262 l.—Ante
300 1222 458 1259 Romam
483 1221 675 1258 conditam
703 1233 841 1269 magna
870 1233 912 1257 ea
940 1219 1130 1269 planitieS‚
1152 1233 1247 1269 quae
1267 1219 1432 1270 Alpibus

31 1298 69 1330 et
101 1291 316 1341 Apenninis
352 1290 549 1328 montibus
582 1289 808 1334 continetur,
850 1288 975 1326 Gallia
1012 1289 1230 1326 vocabatur.
1306 1288 1433 1326 Huius

31 1361 195 1411 regionis
214 1359 367 1404 incolas,
388 1358 665 1396 ferocissimum
684 1370 815 1407 genus,
837 1357 927 1394 Itali
946 1356 1057 1394 valde
1078 1357 1276 1394 timebant.
1325 1357 1434 1395 Infra

32 1429 161 1467 Gallos
190 1429 384 1478 regionem
415 1427 641 1464 obtinebant
676 1426 852 1472 Etrusci3
889 1425 990 1463 infra
1018 1426 1086 1463 hos
1115 1426 1217 1471 Itali,
1247 1440 1266 1463 e
1295 1426 1433 1475 quibus

31 1499 159 1536 Latini
189 1498 322 1534 ceteris
350 1496 484 1533 Italiae
513 1496 691 1545 gentibus
720 1495 864 1532 virtute
893 1495 1147 1544 praestabant.
1216 1494 1434 1532 Verisimile

33 1573 161 1605 autem
192 1566 346 1603 videtur
375 1565 533 1602 Latinos
567 1564 755 1602 coloniam
789 1563 836 1601 ad
869 1564 971 1613 ripas
1004 1563 1153 1601 Tiberis
1185 1563 1355 1613 posuisse
1389 1576 1433 1601 eo

33 1636 188 1674 consilio
212 1648 259 1672 ne
288 1634 438 1672 Etrusci
466 1634 621 1683 impune
650 1638 755 1670 trans
784 1646 935 1670 amnem
963 1633 1172 1670 transvecti
1200 1632 1435 1670 incursiones

34 1706 73 1742 in
111 1717 149 1741 se
186 1704 364 1741 facerent.
448 1702 583 1751 Neque
620 1706 750 1739 tamen
787 1701 858 1738 hoc
895 1702 942 1739 ab
980 1701 1148 1751 antiquis
1186 1701 1434 1750 scriptoribus

34 1773 210 1811 traditur.
286 1771 389 1819 Quae
427 1776 515 1809 ante
553 1770 747 1808 conditam
783 1771 918 1808 urbem
950 1770 1108 1820 poeticis
1140 1769 1261 1819 magis
1299 1769 1436 1807 decora

34 1841 173 1879 fabulis
193 1854 306 1890 quam
325 1840 555 1890 incorruptis
574 1853 701 1877 rerum
721 1845 913 1889 gestarum
938 1839 1197 1877 monumentis
1216 1838 1435 1884 traduntur,

36 1924 80 1948 ea
107 1922 175 1947 nec
195 1910 379 1947 affirmare
399 1921 468 1945 nec
495 1908 665 1945 refellere
694 1908 733 1945 in
761 1908 889 1945 animo
910 1913 975 1945 est.
1043 1907 1170 1945 Datur
1201 1907 1293 1945 haec
1325 1907 1437 1944 venia

36 1978 259 2027 antiquitati
303 1982 347 2014 ut
392 1976 585 2014 miscendo
631 1976 799 2014 humana
844 1976 984 2013 divinis
1030 1975 1239 2025 primordia
1283 1975 1437 2013 urbium

35 2047 253 2097 augustiora
272 2046 396 2084 faciat.
456 2045 561 2093 Quae
580 2045 785 2083 memoriae
805 2044 1022 2094 produntur
1041 2044 1133 2081 haec
1153 2044 1231 2081 fere
1252 2049 1350 2082 sunt.

483 2152 678 2195 Romulus,
700 2152 757 2187 tlte
765 2151 861 2198 first
877 2152 991 2198 King.

91 2243 407 2282 2.—Romanum
426 2242 629 2291 imperium
650 2256 670 2279 a
690 2242 854 2279 Romulo
883 2241 1084 2279 exordium
1102 2241 1230 2287 habet,
1252 2241 1317 2290 qui
1337 2241 1439 2278 Reae

39 2311 192 2358 Silviae,
213 2311 380 2349 Vestalis
411 2310 571 2361 virginis
591 2310 691 2348 filius
720 2315 759 2347 et
785 2310 1042 2359 Martis‚C11m
1071 2310 1191 2347 Remo
1220 2309 1338 2346 fratre
1368 2322 1442 2346 uno

723 2388 751 2416 A
