1559 2463
74 39 144 73 118
283 38 523 76 SECOND
550 39 741 75 LATJN
759 39 1042 77 READING
1069 40 1238 78 BOOK.
1277 38 1397 90 [PART
1418 51 1473 76 111.

68 148 206 198 quinos
238 148 357 186 denos
389 148 673 198 descripserunt
704 148 796 196 dies,
831 150 919 187 anni
957 150 1071 199 plena
1103 151 1227 200 spatia
1263 154 1473 190 servantur.

68 216 200 254 Lunae
221 229 333 254 cursu
360 221 498 254 notant
517 221 702 266 tempora,
722 230 801 254 non
829 221 872 254 ut
900 217 1083 267 plerique,
1105 231 1191 255 cum
1218 219 1349 256 orbem
1372 218 1477 255 sidus
1510 246 1513 249 -

69 284 256 333 implevit,
277 284 344 321 sed
364 297 449 321 cum
470 297 508 322 se
528 298 684 322 curvare
700 285 826 334 coepit
844 285 884 321 in
904 298 1056 332 cornua,
1073 284 1265 323 etidcirco
1285 286 1477 323 breviores

67 353 213 390 habent
239 366 388 390 menses
416 353 480 402 qui
510 353 676 402 spatium
704 366 835 391 eorum
863 353 911 390 ad
939 353 1039 391 hunc
1066 353 1178 391 lunae
1205 354 1362 391 modum
1391 353 1477 391 diri-

71 426 178 470 gunt

584 538 765 574 Invasion
783 537 829 584 of
839 538 968 575 India.

121 646 506 685 24l.—Alexandro
525 647 619 684 fines
639 647 773 684 Indiae
793 647 963 696 ingresso
977 647 1100 696 reguli
1119 647 1294 684 nonnulli
1310 660 1478 684 occurre-

68 720 160 753 runt
175 716 362 765 imperata
376 715 525 762 facturi,
543 716 652 753 illum
673 716 830 754 tertium
846 716 937 753 Iove
952 716 1126 765 genitum
1142 716 1189 753 ad
1205 729 1243 753 se
1258 716 1476 765 pervenisse

69 788 350 822 memorantes:
381 788 530 833 patrem
567 784 749 821 Liberum
779 788 894 833 atque
923 783 1129 821 Herculem
1165 783 1268 821 fama
1303 783 1476 833 cognitos

69 865 160 897 esse,
181 851 307 901 ipsum
327 864 453 888 coram
473 851 605 888 adesse
634 852 822 901 cernique.
881 852 966 889 Rex
985 851 1148 901 benigne
1169 856 1349 900 exceptos
1369 852 1477 900 sequi

69 921 190 966 iussit,
210 919 348 957 iisdem
366 920 549 957 itinerum
570 919 730 957 ducibus
756 933 794 957 se
822 920 880 957 uti
900 919 997 957 velle
1021 919 1130 957 dixit.
1190 919 1369 957 Ceterum
1390 933 1475 957 cum

69 989 231 1039 amplius
259 1002 371 1027 nemo
400 989 552 1026 obviam
580 989 698 1036 fieret,
722 989 1049 1038 Hephaestionem
1078 994 1116 1026 et
1146 989 1368 1026 Perdiccam
1391 1002 1476 1026 cum

69 1058 263 1107 copiarum
300 1062 409 1107 parte
442 1057 641 1107 praemisit
670 1056 718 1095 ad
752 1057 983 1107 subigendos
1017 1058 1081 1107 qui
1114 1062 1382 1095 aversarentur
1410 1058 1477 1096 im-

70 1127 241 1177 perium:
271 1127 457 1176 iussitque
485 1126 534 1164 ad
562 1126 703 1163 flumen
733 1126 875 1164 Indum
894 1126 1097 1176 procedere
1118 1131 1156 1164 et
1183 1127 1335 1176 navigia
1354 1127 1477 1165 facere

70 1196 154 1245 quis
173 1196 213 1232 in
233 1195 453 1232 ulteriorem
476 1195 598 1244 ripam
626 1196 877 1244 transportari
897 1200 1026 1245 posset
1046 1195 1244 1233 exercitus.
1303 1195 1366 1232 Illi
1387 1196 1476 1244 quia

71 1266 179 1315 plura
216 1266 375 1303 flumina
411 1265 626 1314 superanda
663 1270 781 1312 erant,
817 1266 869 1303 sic
903 1266 1061 1303 iunxere
1095 1278 1222 1312 naves,
1254 1270 1298 1302 ut
1330 1265 1476 1303 solutae

71 1334 250 1383 plaustris
270 1334 357 1371 vehi
377 1338 534 1383 possent
553 1347 758 1383 rursusque
779 1334 965 1384 coniungi.

439 1517 604 1564 Severity
621 1517 746 1553 slzewn
767 1521 801 1553 lo
819 1518 877 1553 all
893 1517 975 1552 who
996 1517 1110 1553 resist.

124 1616 386 1654 242.—P0st
413 1628 451 1653 se
480 1615 639 1653 Cratero
667 1629 752 1653 cum
781 1615 969 1664 phalange
996 1615 1097 1652 iusso
1124 1614 1241 1664 sequi,
1262 1614 1476 1663 equitatum

72 1689 111 1722 et
129 1684 253 1722 levem
272 1689 506 1722 armaturam
534 1684 669 1722 eduxit
698 1697 837 1733 eosque
866 1684 931 1733 qui
960 1688 1202 1721 occurrerant
1229 1683 1304 1720 levi
1332 1683 1476 1732 proelio

70 1755 111 1791 in
148 1754 282 1791 urbem
318 1754 534 1804 proximam
572 1753 764 1802 compulit.
840 1753 922 1790 Iam
959 1757 1232 1802 supervenerat
1273 1752 1453 1790 Craterus
1467 1767 1476 1799 3

71 1824 201 1873 itaque
220 1828 264 1860 ut
283 1823 470 1873 principio
489 1827 674 1860 terrorem
702 1823 891 1859 incuteret
910 1822 1016 1872 genti
1038 1821 1211 1858 nondum
1231 1834 1335 1858 arma
1354 1821 1477 1858 Mace-

72 1892 216 1940 donum
236 1897 428 1941 expertae,
449 1892 636 1941 praecipit
664 1905 711 1928 ne
740 1891 799 1928 cui
828 1897 1056 1940 parceretur,
1082 1889 1330 1926 munimentis
1358 1889 1475 1934 urbis,

72 1973 186 2009 quam
206 1959 418 2006 obsidebat,
439 1960 611 1997 incensis.
671 1959 789 1997 Cuius
808 1959 914 1996 urbis
934 1958 1025 1995 dum
1046 1957 1245 2006 obequitat
1264 1957 1473 2003 moenibus,

71 2029 211 2078 sagitta
230 2029 327 2066 ictus
356 2033 437 2075 est3
466 2028 650 2078 oppidum
678 2032 807 2065 tamen
836 2027 937 2076 cepit
965 2031 1004 2065 et
1032 2026 1209 2064 omnibus
1240 2026 1319 2063 eius
1342 2026 1476 2064 incolis

71 2096 285 2142 trucidatis,
315 2096 432 2134 etiam
459 2097 499 2133 in
528 2100 629 2133 tecta
657 2096 794 2133 saeviri
822 2096 943 2142 iussit,
973 2096 1028 2133 ita
1060 2094 1178 2132 Indos
1210 2094 1358 2132 facilius
1387 2107 1475 2132 suae

73 2165 231 2202 ditionis
251 2164 441 2201 facturum
462 2177 542 2201 sese
562 2168 679 2210 ratus,
701 2164 733 2201 si
756 2163 883 2212 palam
910 2163 1063 2200 fecisset
1090 2166 1234 2212 quanta
1252 2162 1475 2200 crudelitate

71 2234 111 2271 in
131 2233 361 2270 reluctantes
389 2246 526 2269 usurus
546 2237 656 2269 esset.
711 2232 807 2270 Inde
836 2232 984 2282 Nysam
1011 2232 1146 2270 urbem
1171 2231 1211 2268 in
1240 2230 1475 2269 deditionem

58 2302 227 2351 ¹accepit,
248 2302 432 2339 abstineri
453 2301 631 2338 caedibus
651 2301 770 2337 iussit.
