1559 2463
83 56 129 90 62
308 53 545 90 SECOND
573 52 644 88 LA
656 52 761 88 TJN
780 51 1058 88 READJNG
1086 50 1255 86 BOOK.
1300 46 1420 99 [PART
1440 60 1479 85 11.

82 160 220 198 deiecti
240 165 279 198 et
298 160 371 210 ipsi
390 159 429 196 in
450 159 586 196 Persas
605 158 747 196 infensi
766 158 926 195 irruunt.
984 157 1078 194 Acie
1097 157 1188 194 inde
1208 160 1383 194 conserta
1401 169 1487 193 cum

81 229 262 279 utrinque
298 242 446 266 summa
483 229 626 265 virtute
664 231 900 277 pugnaretur
945 226 1103 263 fortuna
1138 225 1295 263 tandem
1334 224 1487 262 Graecis

80 298 211 335 favere
231 298 365 347 coepit.
423 297 519 335 Mox
539 296 667 334 Persis
689 309 756 333 sua
775 294 985 333 multitudo
1005 294 1163 332 navium
1183 294 1324 341 obesse,
1347 293 1487 343 quippe

80 371 238 416 propter
265 366 462 416 angustias
491 365 675 403 confertis
703 364 894 414 explicare
923 363 1075 401 ordines
1104 368 1143 400 et
1161 363 1304 400 maiore
1332 362 1489 399 navium

83 447 242 471 numero
273 434 331 471 uti
363 446 440 471 non
473 433 624 470 licebat.
693 432 804 479 Quod
835 432 901 469 ubi
931 430 1299 476 animadverterunt,
1334 430 1488 467 Graecis

84 502 222 540 fiducia
250 513 441 539 crescere:
480 500 619 550 quibus
649 499 771 537 acrius
799 499 1069 536 insistentibus
1097 512 1215 536 naves
1243 498 1413 536 hostium
1440 497 1489 535 ad

85 570 270 607 ducentas
298 581 468 615 mersae3
506 568 673 617 reliquae
703 567 863 604 sublatis
891 566 987 604 velis
1007 567 1046 604 in
1066 567 1196 617 fugam
1230 579 1269 604 se
1288 566 1486 615 recipiunt.

84 638 175 676 Nox
211 637 368 675 tandem
414 636 601 686 proelium
648 635 815 681 diremit,
853 635 999 673 incerto
1045 635 1169 672 adhuc
1206 640 1357 681 eventu,
1405 647 1491 671 cum

83 707 320 756 fugientibus
367 719 481 756 quam
527 705 736 742 victoribus
782 704 904 741 multo
941 704 1064 742 maior
1108 704 1265 742 navium
1310 716 1491 740 numerus

85 780 309 825 superesset.

541 899 683 934 Xerxes
703 902 856 934 retreczls
875 901 909 934 to
928 899 1035 934 Asia.

140 999 387 1040 129.-Visa
406 1011 562 1036 suorum
591 1003 717 1047 strage
747 997 905 1043 Xerxes,
927 1010 1041 1047 quem
1059 997 1099 1034 in
1127 997 1209 1035 loco
1239 997 1343 1035 edito
1363 997 1492 1035 sedem

85 1069 159 1106 sibi
190 1067 407 1106 faciendam
436 1067 627 1105 curavisse
664 1079 738 1116 quo
776 1065 925 1103 facilius
961 1066 1149 1115 proelium
1185 1071 1314 1116 posset
1350 1066 1492 1103 intueri

85 1138 287 1187 scriptores
315 1141 466 1174 veteres
494 1140 661 1181 narrant,
693 1135 788 1172 adeo
820 1139 927 1172 metu
960 1139 1172 1172 commotus
1204 1139 1272 1182 est,
1303 1139 1347 1172 ut
1379 1147 1493 1184 quam

85 1206 278 1244 celerrime
297 1205 338 1242 in
356 1205 490 1242 Asiam
510 1217 549 1242 se
568 1204 735 1253 recipere
755 1203 1010 1249 constituerit,
1032 1204 1205 1252 quamvis
1225 1203 1346 1240 multo
1367 1203 1493 1253 plures

84 1288 202 1313 naves
239 1274 398 1311 haberet
433 1285 548 1323 quam
584 1272 657 1322 ipsi
694 1272 867 1309 victores,
943 1271 1078 1321 Itaque
1126 1272 1372 1310 Mardonium
1409 1285 1494 1308 cum

85 1355 224 1393 magno
244 1342 415 1379 exercitu
433 1341 473 1378 in
494 1341 655 1378 Graecia
682 1339 877 1389 relinquit,
898 1339 989 1377 dato
1005 1340 1159 1389 negotio
1180 1345 1223 1376 ut
1243 1340 1290 1377 de
1319 1340 1493 1377 hostibus

86 1413 191 1462 prius
206 1424 347 1460 poenas
360 1415 527 1447 sumeret
546 1423 661 1459 quam
681 1409 719 1446 in
736 1409 869 1446 Asiam
889 1408 1040 1445 rediret.
1100 1409 1187 1457 Ipse
1204 1414 1331 1445 autem
1347 1409 1492 1446 veritus

87 1494 133 1518 ne
163 1479 299 1517 Graeci
335 1484 495 1528 pontem
522 1477 563 1514 in
601 1477 853 1526 Hellesponto
891 1477 1228 1525 interrumperent,
1267 1490 1310 1513 eo
1343 1478 1492 1527 magnis

86 1548 289 1586 itineribus
309 1546 518 1592 contendit,
536 1546 743 1595 praemissa
762 1545 879 1583 classe
898 1550 942 1583 ut
961 1550 1118 1594 pontem
1138 1550 1357 1582 tutarentur
1372 1545 1493 1583 donec

86 1617 271 1654 rediisset.
321 1616 426 1652 Dum
440 1615 514 1653 iter
528 1628 596 1664 per
611 1615 815 1652 Thraciam
830 1614 930 1660 facit⁷
949 1614 1092 1651 incolae
1113 1627 1249 1663 agmen
1264 1614 1491 1663 impeditum

87 1685 213 1723 adorti
240 1697 419 1734 magnam
448 1687 615 1733 stragem
644 1683 859 1730 ediderunt,
890 1682 1091 1732 permultis
1119 1696 1267 1720 necnon
1295 1684 1427 1720 morbo
1457 1689 1494 1720 et

89 1754 188 1790 fame
216 1752 439 1801 absumptis.
513 1754 582 1789 {ex
610 1751 769 1789 tandem
797 1752 836 1788 in
865 1752 997 1788 Asiam
1026 1765 1199 1788 reversus
1227 1764 1310 1789 sero
1339 1752 1492 1789 demum

89 1822 225 1859 habuit
244 1825 481 1869 compertum
501 1825 646 1870 quanto
674 1820 798 1870 pretio
818 1820 1054 1858 constitisset
1082 1825 1252 1867 conatus,
1273 1824 1492 1869 quantoque

90 1891 216 1928 Persis
235 1890 370 1927 Graeci
391 1894 641 1938 praestarent.

258 2079 395 2126 Dcffeat
411 2079 459 2126 of
468 2079 527 2114 tlze
551 2078 847 2125 Carthaginians
865 2080 908 2126 by
927 2080 986 2115 the
1006 2079 1164 2116 Sicilz'an
1189 2079 1336 2116 Greeks.

146 2177 417 2218 l30.—Haud
444 2177 499 2214 ita
518 2177 640 2215 multo
660 2182 748 2227 post
767 2178 926 2215 nuntius
945 2191 967 2215 a
982 2177 1111 2215 Sicilia
1138 2177 1287 2224 allatus,
1306 2178 1491 2216 Gelonem

88 2254 297 2298 tyrannum
326 2246 627 2296 Syracusiorum,
648 2246 725 2295 qui,
745 2251 789 2283 ut
817 2259 931 2296 supra
958 2246 1315 2293 demonstravimus,
1337 2246 1492 2285 Graecis

90 2317 265 2355 auxiliari
293 2315 480 2361 noluerat,
500 2315 572 2352 nisi
602 2315 682 2364 ipse
712 2315 888 2352 omnibus
917 2315 1104 2353 sociorum
1133 2316 1250 2366 copiis
1276 2316 1490 2366 praefectus
