1559 2463
100 62 170 108 138
278 100 279 103 ,
321 62 560 100 SECOND
588 62 774 98 LATJN
798 62 1073 100 READJNG
1101 63 1268 100 BOOK.
1295 58 1414 112 [PART
1435 70 1490 98 ΙΙΙ.

96 171 163 208 vix
181 171 342 222 triginta
361 173 408 210 ab
427 173 520 210 urbe
540 173 674 210 stadiis
694 173 835 219 aberat,
857 186 942 210 cum
961 173 1158 211 Nearchus
1179 174 1352 220 occurrit,
1368 187 1493 224 quem,

94 244 139 278 ut
175 253 290 290 supra
326 241 682 288 demonstravimus,
721 255 789 291 per
834 241 1030 279 Oceanum
1075 246 1114 280 et
1152 242 1360 292 Euphratis
1397 242 1495 280 ostia

94 309 333 359 Babylonem
353 311 600 359 praemiserat
612 325 622 358 3
652 311 859 360 orabatque
879 324 926 348 ne
954 310 1112 348 fatalem
1131 311 1204 348 sibi
1226 311 1361 349 urbem
1378 310 1497 348 vellet

96 378 254 428 ingredi.
313 378 563 428 Compertum
591 379 631 416 id
660 379 733 417 sibi
762 393 783 416 a
811 379 1023 426 Chaldaeis,
1046 379 1111 429 qui
1138 379 1270 417 multis
1298 380 1375 417 iam
1393 392 1502 429 prae-

96 447 286 485 dictarum
313 461 440 485 rerum
469 449 669 486 eventibus
698 453 801 486 certa
829 462 866 486 se
896 453 977 486 arte
1004 449 1063 486 uti
1086 448 1354 486 ostendissem.
1411 448 1495 486 Rex

95 517 218 566 primo
248 522 386 564 motus,
420 517 650 567 contemptis
683 517 821 555 deinde
850 517 1130 556 Chaldaeorum
1161 518 1330 564 monitis,
1363 517 1497 555 urbem

96 586 253 624 tandem
289 586 417 624 intrat.
486 587 542 624 Eo
578 587 695 637 legati
732 600 780 624 ex
812 587 990 625 universo
1025 587 1145 624 ferme
1182 587 1272 625 orbe
1308 591 1497 624 terrarum

95 659 362 693 convenerant.
422 655 568 702 Quibus
587 668 655 705 per
674 655 886 704 complures
914 655 995 693 dies
1022 655 1190 693 studiose
1219 654 1372 700 auditis,
1394 653 1498 691 dein-

95 737 181 773 ceps
209 724 259 761 ad
287 723 586 773 Hephaestionis
606 724 786 773 exequias
808 723 948 761 adiecit
975 723 1154 761 animum.
1214 724 1319 770 Quae
1347 736 1495 760 summo

95 792 266 829 omnium
287 792 414 830 studio
434 792 488 830 ita
508 792 718 830 celebratae
738 797 838 838 sunt,
859 796 903 830 ut
922 792 1064 830 nullius
1084 792 1131 830 ad
1160 792 1199 830 id
1228 796 1378 842 tempus
1397 791 1495 841 regis

94 859 208 898 funus
228 865 384 910 sumptu
404 866 667 911 apparatuque
687 874 764 898 non
785 861 955 898 vicerint.

548 1013 585 1048 A
589 1010 793 1048 lea-ander's
812 1013 887 1048 last
902 1012 1042 1048 Illzlcss.

147 1102 403 1143 283.—P0st
422 1103 514 1141 haec
543 1103 680 1152 cupido
700 1103 853 1140 incessit
881 1102 961 1152 regi
989 1115 1056 1152 per
1083 1101 1325 1152 Pallacopam
1344 1113 1495 1138 amnem

95 1172 143 1209 ad
176 1172 350 1210 Arabum
378 1172 541 1209 confinia
573 1171 802 1221 navigandi:
841 1184 916 1220 quo
954 1171 1114 1217 delatus,
1154 1170 1239 1207 urbi
1277 1169 1496 1207 condendae

96 1241 296 1279 commoda
329 1241 417 1279 sede
450 1246 612 1290 reperta,
648 1241 881 1279 Graecorum
918 1246 1043 1279 aetate
1081 1246 1147 1278 aut
1184 1240 1406 1278 vulneribus
1442 1239 1498 1276 in-

95 1310 242 1348 validos
275 1315 314 1347 et
342 1310 373 1347 si
401 1310 467 1359 qui
495 1314 631 1359 sponte
664 1314 925 1347 remanserant
957 1309 1010 1347 ibi
1043 1309 1209 1346 collocat.
1269 1308 1415 1355 Quibus
1447 1320 1495 1344 ex

96 1378 288 1416 sententia
306 1378 496 1428 perfectis,
518 1379 593 1415 iam
614 1391 766 1415 securus
794 1378 916 1415 futuri
936 1377 1148 1415 Chaldaeos
1174 1377 1370 1422 irridebat,
1391 1376 1494 1426 quod

94 1448 333 1497 Babylonem
353 1460 430 1485 non
457 1447 649 1497 ingressus
678 1452 831 1485 tantum
859 1452 958 1484 esset
986 1446 1197 1492 incolumis,
1218 1459 1351 1483 verum
1379 1445 1494 1482 etiam

95 1516 326 1553 excessisset.
402 1515 610 1553 Enimvero
648 1515 855 1553 revertenti
893 1528 960 1565 per
995 1514 1153 1565 paludes
1189 1514 1346 1551 foedum
1383 1527 1494 1551 omen

95 1585 266 1622 oblatum
296 1589 365 1631 est,
396 1598 486 1622 nam
514 1584 610 1622 rami
641 1584 804 1633 desuper
833 1583 1100 1633 impendentes
1132 1583 1347 1621 detractum
1379 1582 1494 1632 capiti

95 1652 273 1690 diadema
304 1653 344 1689 in
377 1652 514 1689 fluctus
549 1652 799 1701 proiecerunt.
858 1651 956 1689 Cum
993 1651 1131 1689 deinde
1169 1651 1242 1688 alia
1275 1664 1387 1700 super
1422 1650 1496 1688 alia

95 1722 314 1772 prodigiosa
333 1722 613 1767 nuntiarentur,
631 1721 879 1770 procurandis
898 1721 944 1758 iis
964 1720 1109 1758 Graeco
1126 1719 1237 1757 simul
1258 1719 1494 1768 barbaroque

95 1790 172 1827 ritu
193 1790 374 1828 continua
394 1802 498 1827 sacra
517 1789 620 1826 facta
640 1793 741 1835 sunt,
762 1802 885 1838 neque
904 1793 1034 1826 tamen
1063 1787 1209 1837 expiari
1228 1791 1496 1837 praeterquam

96 1863 220 1896 morte
239 1858 338 1908 regis
357 1862 525 1908 potuere.
585 1857 658 1904 Qui
678 1870 763 1894 cum
782 1857 1001 1894 Nearchum
1029 1856 1240 1905 excepisset
1263 1855 1438 1893 convivio
1459 1859 1498 1892 et

95 1933 179 1965 tota
197 1931 308 1965 nocte
327 1930 577 1976 perpotasset,
599 1926 696 1963 male
717 1926 856 1963 habere
872 1925 1005 1975 coepit.
1063 1925 1337 1974 Ingravescens
1357 1923 1495 1961 deinde

95 1997 251 2033 morbus
271 1995 364 2033 adeo
382 2008 512 2033 omnes
532 1995 632 2032 vires
651 1994 753 2032 intra
773 1998 925 2032 sextum
940 1994 1043 2031 diem
1058 1993 1246 2040 exhausit,
1264 1997 1307 2030 ut
1326 2005 1373 2030 ne
1392 1992 1496 2030 vocis

96 2064 251 2114 quidem
270 2068 439 2113 potestas
458 2068 566 2101 esset.

679 2173 758 2209 Isis
777 2172 911 2208 Deatlz.

149 2263 565 2303 284.—Intuentibus
597 2263 774 2300 lacrimae
803 2262 959 2300 obortae
987 2261 1194 2310 praebuere
1227 2259 1390 2308 speciem
1421 2259 1496 2296 iam

96 2345 174 2370 non
206 2344 336 2382 regem
368 2331 435 2369 sed
471 2331 587 2368 funus
619 2331 699 2368 eius
731 2330 890 2368 visentis
927 2329 1125 2367 exercitus.
1183 2328 1336 2366 Maeror
1367 2333 1495 2366 tamen
