1559 2463
110 75 178 97 112
306 60 541 98 SECOND
569 60 753 95 LATJN
776 59 1055 96 READJNG
1083 59 1253 96 BOOK.
1301 58 1423 110 [PART
1442 71 1500 96 ΙΙΙ.

102 172 263 210 refertos
282 171 468 209 militibus
499 170 648 207 dividit.
706 170 778 207 His
808 170 1033 207 incubantes
1063 174 1310 207 transnavere
1339 183 1499 217 amnem,

103 240 244 288 quique
263 239 375 288 primi
395 238 627 276 transierant
645 238 685 275 in
706 238 870 275 statione
891 242 1000 275 erant
1019 237 1111 275 dum
1139 238 1356 276 traiicerent
1376 239 1501 276 ceteri.

104 307 188 344 Hoc
207 307 321 344 modo
342 312 450 344 sexto
481 306 635 343 demum
664 306 724 343 die
754 306 794 343 in
825 306 1005 343 ulteriore
1033 306 1116 355 ripa
1143 310 1269 344 totum
1294 307 1503 345 exercitum

104 377 292 425 exposuit.

584 444 796 481 Surrender
812 444 857 491 of
869 444 1016 479 Bessus.

156 529 422 569 229.-Dum
440 528 534 566 haec
548 531 734 578 geruntur
749 526 1002 576 Spitamenes,
1019 527 1078 564 cui
1098 540 1145 564 ex
1161 527 1290 565 amicis
1304 529 1504 578 praecipue

103 598 320 635 confidebat
348 597 497 642 Bessus,
533 610 618 633 cum
648 595 935 644 Dataphernem
968 600 1006 633 et
1039 595 1234 643 Catenem,
1268 597 1333 646 qui
1365 602 1403 635 et
1430 597 1503 647 ipsi

102 667 214 704 val-le
245 680 266 704 a
295 667 412 703 Besso
440 665 710 715 diligebantur,
741 664 860 701 socios
891 664 1069 702 facinoris
1102 665 1264 711 fecisset,
1298 667 1422 716 pergit
1455 667 1503 704 ad

101 735 271 782 Bessum,
293 740 332 773 et
359 735 516 772 remotis
544 734 698 771 arbitris
722 733 948 782 comperisse
979 734 1032 770 ait
1060 746 1099 770 se
1128 734 1299 771 insidiari
1329 735 1362 772 ei
1390 734 1507 772 Data-

100 804 285 853 phernem
311 808 350 841 et
378 803 584 841 Catonem:
614 816 635 840 a
654 806 773 839 semet
801 806 1002 851 occupatos
1028 815 1108 840 esse
1137 807 1175 840 et
1202 803 1350 840 vinctos
1369 804 1501 841 teneri.

103 872 206 919 Quos
225 885 310 909 cum
330 871 467 909 adduci
487 870 626 908 Bessus
654 871 836 916 iussisset,
860 871 957 907 truci
978 870 1089 908 vultu
1117 871 1272 908 intuens
1299 873 1505 922 consurgit,

101 942 277 979 manibus
314 953 391 978 non
428 944 719 989 temperaturus.
788 939 887 976 Tum
923 939 979 976 illi
1017 939 1301 977 circumsistunt
1343 954 1429 978 eum
1466 945 1505 978 et

101 1010 244 1047 frustra
273 1013 552 1059 repugnantem
582 1009 766 1054 vinciunt,
799 1008 949 1057 direpta
979 1020 1026 1045 ex
1053 1009 1175 1058 capite
1204 1022 1342 1047 corona
1369 1009 1508 1047 lacera-

101 1082 216 1127 taque
236 1082 342 1116 veste
362 1091 476 1127 quam
499 1090 519 1115 e
548 1077 677 1126 spoliis
706 1077 815 1114 occisi
844 1076 942 1127 regis
970 1076 1155 1114 induerat.
1214 1077 1427 1116 Multitudo
1456 1092 1504 1116 an

102 1146 342 1184 vindicatura
369 1146 528 1184 Bessum
556 1146 683 1191 fuerit,
704 1145 893 1182 incertum
921 1148 989 1191 est,
1015 1145 1087 1182 nisi
1116 1145 1171 1182 illi
1199 1146 1264 1194 qui
1287 1146 1503 1194 vinxerant,

102 1217 206 1253 iussu
225 1215 438 1253 Alexandri
458 1215 590 1252 fecisse
619 1228 657 1252 se
683 1214 869 1260 ementiti,
890 1214 1026 1252 dubios
1045 1214 1168 1251 adhuc
1188 1215 1334 1252 animos
1353 1216 1506 1253 terruis-

102 1289 197 1322 sent.
265 1285 311 1321 In
341 1298 480 1334 equum
508 1284 730 1332 impositum
757 1283 981 1320 Alexandro
1009 1283 1187 1320 tradituri
1207 1283 1361 1322 ducunt.
1418 1284 1503 1322 Rex

102 1353 316 1391 collaudato
354 1353 574 1402 Spitamene
611 1351 839 1400 supplicium
871 1351 1023 1389 distulit
1060 1357 1103 1389 ut
1139 1365 1184 1389 eo
1220 1352 1313 1399 loco,
1351 1353 1391 1390 in
1428 1366 1503 1402 quo

100 1422 262 1460 Darium
282 1423 361 1472 ipse
382 1421 581 1467 occiderat,
603 1425 810 1457 necaretur.

433 1555 564 1603 Speeclz
584 1554 627 1601 (ff
639 1555 697 1590 tlze
717 1554 891 1600 So‘tlcian
910 1553 947 1589 A
953 1553 1173 1589 mbassador.

155 1639 457 1679 230.-—Postea
477 1651 562 1675 cum
591 1636 639 1675 ad
664 1637 807 1674 fiumen
827 1636 988 1673 Tanaim
1007 1640 1236 1686 perventum
1255 1641 1365 1683 esset,
1386 1637 1503 1687 legati

102 1708 334 1757 Scytharum
362 1720 467 1744 more
500 1706 625 1755 gentis
655 1718 723 1754 per
753 1709 876 1742 castra
906 1705 1012 1754 equis
1040 1704 1141 1742 vecti
1169 1705 1339 1742 nuntiari
1368 1706 1503 1743 iubent

102 1777 193 1826 regi,
214 1775 311 1813 velle
332 1789 370 1812 se
391 1775 439 1812 ad
456 1788 543 1812 eum
557 1773 741 1811 mandata
755 1773 932 1822 perferre.
983 1772 1130 1819 Quibus
1149 1773 1189 1809 in
1214 1773 1313 1822 regis
1332 1774 1519 1827 taberna-¹

102 1845 229 1882 culum
261 1844 503 1889 introductis,
536 1856 634 1880 unus
667 1855 715 1880 ex
748 1842 806 1879 his
838 1842 879 1879 in
911 1841 1012 1878 hunc
1048 1841 1205 1878 modum
1237 1842 1385 1879 locutus
1422 1855 1501 1880 esse

102 1915 251 1952 dicitur.
323 1913 363 1951 Si
401 1913 454 1950 dii
491 1912 667 1950 habitum
705 1910 871 1960 corporis
908 1911 966 1947 tui
1004 1910 1180 1947 aviditati
1220 1911 1336 1948 animi
1372 1924 1502 1960 parem

103 1981 309 2028 dedissent,
341 1981 443 2018 orbis
475 1985 513 2018 te
547 1993 625 2017 non
658 1983 832 2029 caperet:
865 1978 985 2016 altera
1011 1992 1128 2016 manu
1156 1978 1354 2025 orientem,
1383 1979 1503 2017 altera

103 2051 339 2088 occidentem
371 2050 633 2099 contingeres:
671 2048 742 2086 hoc
775 2052 982 2094 assecutus,
1016 2047 1110 2084 scire
1146 2047 1264 2085 velles
1300 2047 1366 2085 ubi
1402 2047 1502 2085 tanti

102 2120 272 2158 numinis
303 2119 430 2168 fulgor
457 2118 694 2156 conderetur.
764 2116 826 2154 Sic
854 2129 1004 2166 quoque
1036 2116 1268 2166 concupiscis
1297 2129 1394 2165 quae
1425 2129 1503 2153 non

103 2189 213 2238 capis.
272 2188 334 2225 Ab
363 2188 516 2236 Europa
543 2187 642 2236 petis
670 2185 803 2223 Asiam
818 2201 828 2233 3
855 2199 903 2223 ex
930 2185 1025 2223 Asia
1051 2185 1191 2223 transis
1218 2185 1258 2222 in
1286 2185 1501 2234 Europam:

103 2257 253 2304 deinde,
293 2257 323 2294 si
359 2256 570 2294 humanum
607 2267 726 2304 genus
764 2267 875 2292 omne
912 2254 1160 2303 superaveris,
1191 2266 1277 2290 cum
1321 2253 1426 2291 silvis
1463 2257 1501 2290 et

101 2326 254 2363 nivibus
276 2330 313 2362 et
333 2324 553 2361 fluminibus
572 2323 737 2372 ferisque
757 2322 888 2359 bestiis
908 2327 1084 2371 gesturus
1104 2334 1142 2359 es
1161 2321 1312 2359 bellum.
