<?xml version="1.0" encoding="UTF-8"?>
<!DOCTYPE html PUBLIC "-//W3C//DTD XHTML 1.0 Transitional//EN"
    "http://www.w3.org/TR/xhtml1/DTD/xhtml1-transitional.dtd">
<html xmlns="http://www.w3.org/1999/xhtml" xml:lang="en" lang="en">
 <head>
  <title>
</title>
<meta http-equiv="Content-Type" content="text/html;charset=utf-8" />
  <meta name='ocr-system' content='tesseract 3.04.00' />
  <meta name='ocr-capabilities' content='ocr_page ocr_carea ocr_par ocr_line ocrx_word'/>
</head>
<body>
  <div class='ocr_page' id='page_1' title='image "./secondlatinreadi00benn_0152.png"; bbox 0 0 1559 2463; ppageno 0'>
   <div class='ocr_carea' id='block_1_1' title="bbox 101 60 1491 113">
    <p class='ocr_par' dir='ltr' id='par_1_1' title="bbox 101 60 1491 113">
     <span class='ocr_line' id='line_1_1' title="bbox 101 60 1491 113; baseline 0.002 -16"><span class='ocrx_word' id='word_1_1' title='bbox 101 72 174 107; x_wconf 86' lang='lat'>134</span> <span class='ocrx_word' id='word_1_2' title='bbox 307 61 378 98; x_wconf 84' lang='lat' dir='ltr'>SE</span> <span class='ocrx_word' id='word_1_3' title='bbox 385 61 420 98; x_wconf 93' lang='lat' dir='ltr'><em>C</em></span> <span class='ocrx_word' id='word_1_4' title='bbox 422 61 545 98; x_wconf 89' lang='lat' dir='ltr'>OND</span> <span class='ocrx_word' id='word_1_5' title='bbox 572 61 645 98; x_wconf 79' lang='lat' dir='ltr'>LA</span> <span class='ocrx_word' id='word_1_6' title='bbox 654 62 764 99; x_wconf 82' lang='lat' dir='ltr'>TIN</span> <span class='ocrx_word' id='word_1_7' title='bbox 782 61 1061 100; x_wconf 81' lang='lat' dir='ltr'><em>READING</em></span> <span class='ocrx_word' id='word_1_8' title='bbox 1088 62 1259 101; x_wconf 88' lang='lat' dir='ltr'><em>BOOK.</em></span> <span class='ocrx_word' id='word_1_9' title='bbox 1291 60 1413 113; x_wconf 88' lang='lat' dir='ltr'>[PART</span> <span class='ocrx_word' id='word_1_10' title='bbox 1433 73 1491 100; x_wconf 88' lang='lat'>111.</span> 
     </span>
    </p>
   </div>
   <div class='ocr_carea' id='block_1_2' title="bbox 89 167 1494 696">
    <p class='ocr_par' dir='ltr' id='par_1_2' title="bbox 89 167 1494 696">
     <span class='ocr_line' id='line_1_2' title="bbox 93 167 1494 219; baseline 0.002 -15"><span class='ocrx_word' id='word_1_11' title='bbox 93 167 300 206; x_wconf 79' lang='lat' dir='ltr'>dissolvere</span> <span class='ocrx_word' id='word_1_12' title='bbox 328 171 458 206; x_wconf 90' lang='lat' dir='ltr'>tamen</span> <span class='ocrx_word' id='word_1_13' title='bbox 487 169 631 206; x_wconf 87' lang='lat' dir='ltr'>statuit.</span> <span class='ocrx_word' id='word_1_14' title='bbox 690 169 754 206; x_wconf 91' lang='lat' dir='ltr'>Illi</span> <span class='ocrx_word' id='word_1_15' title='bbox 782 169 924 207; x_wconf 90' lang='lat' dir='ltr'>tentari</span> <span class='ocrx_word' id='word_1_16' title='bbox 952 182 1031 207; x_wconf 90' lang='lat' dir='ltr'>sese</span> <span class='ocrx_word' id='word_1_17' title='bbox 1059 170 1145 216; x_wconf 87' lang='lat' dir='ltr'>rati,</span> <span class='ocrx_word' id='word_1_18' title='bbox 1175 182 1250 219; x_wconf 91' lang='lat' dir='ltr'>quo</span> <span class='ocrx_word' id='word_1_19' title='bbox 1270 169 1418 207; x_wconf 82' lang='lat' dir='ltr'>facilius</span> <span class='ocrx_word' id='word_1_20' title='bbox 1445 169 1494 207; x_wconf 84' lang='lat' dir='ltr'>ab</span> 
     </span>
     <span class='ocr_line' id='line_1_3' title="bbox 91 236 1494 287; baseline 0.002 -15"><span class='ocrx_word' id='word_1_21' title='bbox 91 236 251 286; x_wconf 74' lang='lat' dir='ltr'>integris</span> <span class='ocrx_word' id='word_1_22' title='bbox 280 241 523 286; x_wconf 89' lang='lat' dir='ltr'>sumptuosos</span> <span class='ocrx_word' id='word_1_23' title='bbox 543 237 785 284; x_wconf 73' lang='lat' dir='ltr'>discerneret,</span> <span class='ocrx_word' id='word_1_24' title='bbox 807 237 1034 287; x_wconf 74' lang='lat' dir='ltr'>prolatando</span> <span class='ocrx_word' id='word_1_25' title='bbox 1054 237 1292 287; x_wconf 90' lang='lat' dir='ltr'>aliquantum</span> <span class='ocrx_word' id='word_1_26' title='bbox 1310 237 1494 287; x_wconf 89' lang='lat' dir='ltr'>temporis</span> 
     </span>
     <span class='ocr_line' id='line_1_4' title="bbox 91 305 1494 356; baseline 0.002 -15"><span class='ocrx_word' id='word_1_27' title='bbox 91 309 352 342; x_wconf 79' lang='lat' dir='ltr'>extraxerunt.</span> <span class='ocrx_word' id='word_1_28' title='bbox 411 305 463 342; x_wconf 90' lang='lat' dir='ltr'>Et</span> <span class='ocrx_word' id='word_1_29' title='bbox 481 319 550 343; x_wconf 87' lang='lat' dir='ltr'>rex</span> <span class='ocrx_word' id='word_1_30' title='bbox 578 306 670 343; x_wconf 88' lang='lat' dir='ltr'>satis</span> <span class='ocrx_word' id='word_1_31' title='bbox 689 319 828 356; x_wconf 83' lang='lat' dir='ltr'>gnarus</span> <span class='ocrx_word' id='word_1_32' title='bbox 847 306 1075 355; x_wconf 83' lang='lat' dir='ltr'>professioni</span> <span class='ocrx_word' id='word_1_33' title='bbox 1090 307 1186 344; x_wconf 85' lang='lat' dir='ltr'>aeris</span> <span class='ocrx_word' id='word_1_34' title='bbox 1214 306 1399 356; x_wconf 88' lang='lat' dir='ltr'>pudorem</span> <span class='ocrx_word' id='word_1_35' title='bbox 1417 319 1494 344; x_wconf 93' lang='lat' dir='ltr'>non</span> 
     </span>
     <span class='ocr_line' id='line_1_5' title="bbox 92 373 1494 424; baseline 0.002 -15"><span class='ocrx_word' id='word_1_36' title='bbox 92 373 369 410; x_wconf 80' lang='lat' dir='ltr'>contumaciam</span> <span class='ocrx_word' id='word_1_37' title='bbox 398 373 561 420; x_wconf 84' lang='lat' dir='ltr'>obstare,</span> <span class='ocrx_word' id='word_1_38' title='bbox 581 387 732 411; x_wconf 87' lang='lat' dir='ltr'>mensas</span> <span class='ocrx_word' id='word_1_39' title='bbox 759 374 852 411; x_wconf 86' lang='lat' dir='ltr'>totis</span> <span class='ocrx_word' id='word_1_40' title='bbox 881 375 1013 412; x_wconf 87' lang='lat' dir='ltr'>castris</span> <span class='ocrx_word' id='word_1_41' title='bbox 1040 374 1131 424; x_wconf 87' lang='lat' dir='ltr'>poni</span> <span class='ocrx_word' id='word_1_42' title='bbox 1159 375 1269 412; x_wconf 89' lang='lat' dir='ltr'>iussit</span> <span class='ocrx_word' id='word_1_43' title='bbox 1297 379 1335 412; x_wconf 90' lang='lat' dir='ltr'>et</span> <span class='ocrx_word' id='word_1_44' title='bbox 1363 374 1494 412; x_wconf 89' lang='lat' dir='ltr'>decem</span> 
     </span>
     <span class='ocr_line' id='line_1_6' title="bbox 93 441 1493 492; baseline 0.003 -15"><span class='ocrx_word' id='word_1_45' title='bbox 93 441 196 478; x_wconf 87' lang='lat' dir='ltr'>milia</span> <span class='ocrx_word' id='word_1_46' title='bbox 215 441 404 479; x_wconf 78' lang='lat' dir='ltr'>talentum</span> <span class='ocrx_word' id='word_1_47' title='bbox 423 442 594 491; x_wconf 90' lang='lat' dir='ltr'>proferri.</span> <span class='ocrx_word' id='word_1_48' title='bbox 652 442 752 479; x_wconf 89' lang='lat' dir='ltr'>Tum</span> <span class='ocrx_word' id='word_1_49' title='bbox 771 442 926 480; x_wconf 90' lang='lat' dir='ltr'>demum</span> <span class='ocrx_word' id='word_1_50' title='bbox 942 456 1027 480; x_wconf 90' lang='lat' dir='ltr'>cum</span> <span class='ocrx_word' id='word_1_51' title='bbox 1042 442 1116 480; x_wconf 90' lang='lat' dir='ltr'>fide</span> <span class='ocrx_word' id='word_1_52' title='bbox 1131 442 1232 480; x_wconf 89' lang='lat' dir='ltr'>facta</span> <span class='ocrx_word' id='word_1_53' title='bbox 1246 443 1493 492; x_wconf 83' lang='lat' dir='ltr'>professione,</span> 
     </span>
     <span class='ocr_line' id='line_1_7' title="bbox 91 509 1493 560; baseline 0.002 -16"><span class='ocrx_word' id='word_1_54' title='bbox 91 521 169 545; x_wconf 90' lang='lat' dir='ltr'>non</span> <span class='ocrx_word' id='word_1_55' title='bbox 198 509 361 558; x_wconf 88' lang='lat' dir='ltr'>amplius</span> <span class='ocrx_word' id='word_1_56' title='bbox 391 522 439 546; x_wconf 84' lang='lat' dir='ltr'>ex</span> <span class='ocrx_word' id='word_1_57' title='bbox 457 514 567 547; x_wconf 86' lang='lat' dir='ltr'>tanta</span> <span class='ocrx_word' id='word_1_58' title='bbox 585 510 746 559; x_wconf 88' lang='lat' dir='ltr'>pecunia</span> <span class='ocrx_word' id='word_1_59' title='bbox 774 514 928 547; x_wconf 88' lang='lat' dir='ltr'>centum</span> <span class='ocrx_word' id='word_1_60' title='bbox 948 514 987 547; x_wconf 89' lang='lat' dir='ltr'>et</span> <span class='ocrx_word' id='word_1_61' title='bbox 1014 510 1174 560; x_wconf 81' lang='lat' dir='ltr'>triginta</span> <span class='ocrx_word' id='word_1_62' title='bbox 1192 510 1339 548; x_wconf 87' lang='lat' dir='ltr'>talenta</span> <span class='ocrx_word' id='word_1_63' title='bbox 1367 523 1493 559; x_wconf 89' lang='lat' dir='ltr'>super-</span> 
     </span>
     <span class='ocr_line' id='line_1_8' title="bbox 90 575 1492 627; baseline 0.002 -15"><span class='ocrx_word' id='word_1_64' title='bbox 90 575 205 613; x_wconf 85' lang='lat' dir='ltr'>fuere.</span> <span class='ocrx_word' id='word_1_65' title='bbox 262 576 372 614; x_wconf 89' lang='lat' dir='ltr'>Adeo</span> <span class='ocrx_word' id='word_1_66' title='bbox 400 577 464 614; x_wconf 91' lang='lat' dir='ltr'>ille</span> <span class='ocrx_word' id='word_1_67' title='bbox 492 578 691 624; x_wconf 77' lang='lat' dir='ltr'>exercitus,</span> <span class='ocrx_word' id='word_1_68' title='bbox 727 581 787 614; x_wconf 91' lang='lat' dir='ltr'>tot</span> <span class='ocrx_word' id='word_1_69' title='bbox 816 577 1131 615; x_wconf 83' lang='lat' dir='ltr'>divitissimarum</span> <span class='ocrx_word' id='word_1_70' title='bbox 1158 577 1332 627; x_wconf 84' lang='lat' dir='ltr'>gentium</span> <span class='ocrx_word' id='word_1_71' title='bbox 1359 578 1492 623; x_wconf 87' lang='lat' dir='ltr'>victor,</span> 
     </span>
     <span class='ocr_line' id='line_1_9' title="bbox 89 644 1115 696; baseline 0.003 -15"><span class='ocrx_word' id='word_1_72' title='bbox 89 644 175 693; x_wconf 87' lang='lat' dir='ltr'>plus</span> <span class='ocrx_word' id='word_1_73' title='bbox 195 645 375 683; x_wconf 86' lang='lat' dir='ltr'>victoriae</span> <span class='ocrx_word' id='word_1_74' title='bbox 395 659 509 695; x_wconf 91' lang='lat' dir='ltr'>quam</span> <span class='ocrx_word' id='word_1_75' title='bbox 529 645 691 695; x_wconf 84' lang='lat' dir='ltr'>praedae</span> <span class='ocrx_word' id='word_1_76' title='bbox 711 659 758 684; x_wconf 75' lang='lat' dir='ltr'>ex</span> <span class='ocrx_word' id='word_1_77' title='bbox 778 645 871 683; x_wconf 88' lang='lat' dir='ltr'>Asia</span> <span class='ocrx_word' id='word_1_78' title='bbox 889 646 1115 696; x_wconf 85' lang='lat' dir='ltr'>deportavit.</span> 
     </span>
    </p>
   </div>
   <div class='ocr_carea' id='block_1_3' title="bbox 474 789 1109 837">
    <p class='ocr_par' dir='ltr' id='par_1_3' title="bbox 474 789 1109 837">
     <span class='ocr_line' id='line_1_10' title="bbox 474 789 1109 837; baseline -0.002 -12"><span class='ocrx_word' id='word_1_79' title='bbox 474 789 695 825; x_wconf 69' lang='lat' dir='ltr'>Disconteut</span> <span class='ocrx_word' id='word_1_80' title='bbox 712 794 754 825; x_wconf 82' lang='lat' dir='ltr'>at</span> <span class='ocrx_word' id='word_1_81' title='bbox 770 790 875 836; x_wconf 72' lang='lat' dir='ltr'>being</span> <span class='ocrx_word' id='word_1_82' title='bbox 887 789 953 837; x_wconf 64' lang='lat' dir='ltr'>lest</span> <span class='ocrx_word' id='word_1_83' title='bbox 969 789 1109 825; x_wconf 71' lang='lat' dir='ltr'>behind.</span> 
     </span>
    </p>
   </div>
   <div class='ocr_carea' id='block_1_4' title="bbox 90 869 1496 1469">
    <p class='ocr_par' dir='ltr' id='par_1_4' title="bbox 90 869 1496 1469">
     <span class='ocr_line' id='line_1_11' title="bbox 144 869 1493 920; baseline 0.001 -14"><span class='ocrx_word' id='word_1_84' title='bbox 144 869 490 908; x_wconf 75' lang='lat' dir='ltr'>274.-Ceterum</span> <span class='ocrx_word' id='word_1_85' title='bbox 517 875 562 908; x_wconf 92' lang='lat' dir='ltr'>ut</span> <span class='ocrx_word' id='word_1_86' title='bbox 589 871 787 920; x_wconf 76' lang='lat' dir='ltr'>cognitum</span> <span class='ocrx_word' id='word_1_87' title='bbox 815 876 882 917; x_wconf 86' lang='lat' dir='ltr'>est,</span> <span class='ocrx_word' id='word_1_88' title='bbox 914 871 1008 908; x_wconf 85' lang='lat' dir='ltr'>alios</span> <span class='ocrx_word' id='word_1_89' title='bbox 1036 870 1180 907; x_wconf 81' lang='lat' dir='ltr'>remitti</span> <span class='ocrx_word' id='word_1_90' title='bbox 1210 869 1377 916; x_wconf 88' lang='lat' dir='ltr'>domum,</span> <span class='ocrx_word' id='word_1_91' title='bbox 1399 870 1493 908; x_wconf 84' lang='lat' dir='ltr'>alios</span> 
     </span>
     <span class='ocr_line' id='line_1_12' title="bbox 91 938 1490 989; baseline 0.001 -15"><span class='ocrx_word' id='word_1_92' title='bbox 91 938 259 984; x_wconf 86' lang='lat' dir='ltr'>retineri,</span> <span class='ocrx_word' id='word_1_93' title='bbox 289 942 514 988; x_wconf 87' lang='lat' dir='ltr'>perpetuam</span> <span class='ocrx_word' id='word_1_94' title='bbox 542 952 630 976; x_wconf 90' lang='lat' dir='ltr'>eum</span> <span class='ocrx_word' id='word_1_95' title='bbox 657 939 765 989; x_wconf 76' lang='lat' dir='ltr'>regni</span> <span class='ocrx_word' id='word_1_96' title='bbox 798 939 927 976; x_wconf 87' lang='lat' dir='ltr'>sedem</span> <span class='ocrx_word' id='word_1_97' title='bbox 960 939 1000 976; x_wconf 90' lang='lat' dir='ltr'>in</span> <span class='ocrx_word' id='word_1_98' title='bbox 1030 939 1124 976; x_wconf 92' lang='lat' dir='ltr'>Asia</span> <span class='ocrx_word' id='word_1_99' title='bbox 1154 938 1378 976; x_wconf 86' lang='lat' dir='ltr'>habiturum</span> <span class='ocrx_word' id='word_1_100' title='bbox 1405 939 1490 985; x_wconf 89' lang='lat' dir='ltr'>rati,</span> 
     </span>
     <span class='ocr_line' id='line_1_13' title="bbox 92 1006 1493 1057; baseline 0.001 -14"><span class='ocrx_word' id='word_1_101' title='bbox 92 1006 272 1044; x_wconf 87' lang='lat' dir='ltr'>vecordes</span> <span class='ocrx_word' id='word_1_102' title='bbox 305 1011 344 1044; x_wconf 91' lang='lat' dir='ltr'>et</span> <span class='ocrx_word' id='word_1_103' title='bbox 376 1007 599 1057; x_wconf 86' lang='lat' dir='ltr'>disciplinae</span> <span class='ocrx_word' id='word_1_104' title='bbox 631 1007 809 1045; x_wconf 89' lang='lat' dir='ltr'>militaris</span> <span class='ocrx_word' id='word_1_105' title='bbox 841 1008 1084 1045; x_wconf 86' lang='lat' dir='ltr'>immemores</span> <span class='ocrx_word' id='word_1_106' title='bbox 1117 1006 1308 1044; x_wconf 82' lang='lat' dir='ltr'>seditiosis</span> <span class='ocrx_word' id='word_1_107' title='bbox 1336 1007 1493 1045; x_wconf 88' lang='lat' dir='ltr'>vocibus</span> 
     </span>
     <span class='ocr_line' id='line_1_14' title="bbox 92 1075 1496 1126; baseline 0 -14"><span class='ocrx_word' id='word_1_108' title='bbox 92 1079 215 1112; x_wconf 88' lang='lat' dir='ltr'>castra</span> <span class='ocrx_word' id='word_1_109' title='bbox 234 1076 428 1125; x_wconf 85' lang='lat' dir='ltr'>complent</span> <span class='ocrx_word' id='word_1_110' title='bbox 447 1090 651 1126; x_wconf 76' lang='lat' dir='ltr'>regemque</span> <span class='ocrx_word' id='word_1_111' title='bbox 670 1076 834 1114; x_wconf 87' lang='lat' dir='ltr'>ferocius</span> <span class='ocrx_word' id='word_1_112' title='bbox 855 1090 969 1125; x_wconf 87' lang='lat' dir='ltr'>quam</span> <span class='ocrx_word' id='word_1_113' title='bbox 989 1076 1080 1114; x_wconf 85' lang='lat' dir='ltr'>alias</span> <span class='ocrx_word' id='word_1_114' title='bbox 1097 1076 1222 1114; x_wconf 86' lang='lat' dir='ltr'>adorti</span> <span class='ocrx_word' id='word_1_115' title='bbox 1237 1089 1367 1113; x_wconf 88' lang='lat' dir='ltr'>omnes</span> <span class='ocrx_word' id='word_1_116' title='bbox 1383 1075 1496 1113; x_wconf 90' lang='lat' dir='ltr'>simul</span> 
     </span>
     <span class='ocr_line' id='line_1_15' title="bbox 92 1144 1495 1195; baseline 0.001 -15"><span class='ocrx_word' id='word_1_117' title='bbox 92 1144 313 1182; x_wconf 85' lang='lat' dir='ltr'>missionem</span> <span class='ocrx_word' id='word_1_118' title='bbox 341 1146 534 1195; x_wconf 87' lang='lat' dir='ltr'>postulare</span> <span class='ocrx_word' id='word_1_119' title='bbox 563 1150 782 1195; x_wconf 83' lang='lat' dir='ltr'>coeperunt,</span> <span class='ocrx_word' id='word_1_120' title='bbox 812 1145 1000 1183; x_wconf 82' lang='lat' dir='ltr'>deformia</span> <span class='ocrx_word' id='word_1_121' title='bbox 1028 1158 1094 1183; x_wconf 88' lang='lat' dir='ltr'>ora</span> <span class='ocrx_word' id='word_1_122' title='bbox 1127 1145 1365 1183; x_wconf 75' lang='lat' dir='ltr'>cicatricibus</span> <span class='ocrx_word' id='word_1_123' title='bbox 1398 1144 1495 1182; x_wconf 89' lang='lat' dir='ltr'>cani-</span> 
     </span>
     <span class='ocr_line' id='line_1_16' title="bbox 93 1212 1495 1264; baseline 0.001 -15"><span class='ocrx_word' id='word_1_124' title='bbox 93 1212 261 1262; x_wconf 81' lang='lat' dir='ltr'>tiemque</span> <span class='ocrx_word' id='word_1_125' title='bbox 282 1214 449 1263; x_wconf 86' lang='lat' dir='ltr'>capitum</span> <span class='ocrx_word' id='word_1_126' title='bbox 470 1219 720 1252; x_wconf 87' lang='lat' dir='ltr'>ostentantes.</span> <span class='ocrx_word' id='word_1_127' title='bbox 776 1213 857 1251; x_wconf 88' lang='lat' dir='ltr'>Nec</span> <span class='ocrx_word' id='word_1_128' title='bbox 871 1219 937 1251; x_wconf 88' lang='lat' dir='ltr'>aut</span> <span class='ocrx_word' id='word_1_129' title='bbox 951 1214 1231 1263; x_wconf 78' lang='lat' dir='ltr'>praefectorum</span> <span class='ocrx_word' id='word_1_130' title='bbox 1246 1213 1495 1264; x_wconf 76' lang='lat' dir='ltr'>castigatione</span> 
     </span>
     <span class='ocr_line' id='line_1_17' title="bbox 92 1281 1495 1332; baseline 0.001 -15"><span class='ocrx_word' id='word_1_131' title='bbox 92 1286 158 1317; x_wconf 86' lang='lat' dir='ltr'>aut</span> <span class='ocrx_word' id='word_1_132' title='bbox 186 1282 417 1319; x_wconf 88' lang='lat' dir='ltr'>verecundia</span> <span class='ocrx_word' id='word_1_133' title='bbox 448 1283 547 1332; x_wconf 78' lang='lat' dir='ltr'>regis</span> <span class='ocrx_word' id='word_1_134' title='bbox 580 1282 756 1319; x_wconf 82' lang='lat' dir='ltr'>deterriti</span> <span class='ocrx_word' id='word_1_135' title='bbox 790 1282 1028 1320; x_wconf 89' lang='lat' dir='ltr'>tumultuoso</span> <span class='ocrx_word' id='word_1_136' title='bbox 1062 1282 1224 1320; x_wconf 88' lang='lat' dir='ltr'>clamore</span> <span class='ocrx_word' id='word_1_137' title='bbox 1262 1286 1301 1319; x_wconf 90' lang='lat' dir='ltr'>et</span> <span class='ocrx_word' id='word_1_138' title='bbox 1336 1281 1495 1319; x_wconf 89' lang='lat' dir='ltr'>militari</span> 
     </span>
     <span class='ocr_line' id='line_1_18' title="bbox 90 1349 1492 1400; baseline 0.001 -14"><span class='ocrx_word' id='word_1_139' title='bbox 90 1349 275 1387; x_wconf 81' lang='lat' dir='ltr'>violentia</span> <span class='ocrx_word' id='word_1_140' title='bbox 307 1350 502 1388; x_wconf 84' lang='lat' dir='ltr'>volentem</span> <span class='ocrx_word' id='word_1_141' title='bbox 533 1351 639 1400; x_wconf 92' lang='lat' dir='ltr'>loqui</span> <span class='ocrx_word' id='word_1_142' title='bbox 672 1351 910 1398; x_wconf 86' lang='lat' dir='ltr'>inhibebant,</span> <span class='ocrx_word' id='word_1_143' title='bbox 944 1351 1072 1400; x_wconf 90' lang='lat' dir='ltr'>palam</span> <span class='ocrx_word' id='word_1_144' title='bbox 1103 1351 1276 1400; x_wconf 85' lang='lat' dir='ltr'>professi,</span> <span class='ocrx_word' id='word_1_145' title='bbox 1305 1363 1492 1400; x_wconf 88' lang='lat' dir='ltr'>nusquam</span> 
     </span>
     <span class='ocr_line' id='line_1_19' title="bbox 90 1418 1068 1469; baseline 0.003 -15"><span class='ocrx_word' id='word_1_146' title='bbox 90 1418 192 1465; x_wconf 87' lang='lat' dir='ltr'>inde,</span> <span class='ocrx_word' id='word_1_147' title='bbox 214 1419 287 1456; x_wconf 91' lang='lat' dir='ltr'>nisi</span> <span class='ocrx_word' id='word_1_148' title='bbox 307 1419 347 1456; x_wconf 92' lang='lat' dir='ltr'>in</span> <span class='ocrx_word' id='word_1_149' title='bbox 366 1419 543 1468; x_wconf 86' lang='lat' dir='ltr'>patriam,</span> <span class='ocrx_word' id='word_1_150' title='bbox 561 1420 767 1469; x_wconf 76' lang='lat' dir='ltr'>vestigium</span> <span class='ocrx_word' id='word_1_151' title='bbox 788 1433 867 1457; x_wconf 83' lang='lat' dir='ltr'>esse</span> <span class='ocrx_word' id='word_1_152' title='bbox 887 1425 1068 1458; x_wconf 88' lang='lat' dir='ltr'>moturos.</span> 
     </span>
    </p>
   </div>
   <div class='ocr_carea' id='block_1_5' title="bbox 406 1554 1182 1602">
    <p class='ocr_par' dir='ltr' id='par_1_5' title="bbox 406 1554 1182 1602">
     <span class='ocr_line' id='line_1_20' title="bbox 406 1554 1182 1602; baseline 0 -13"><span class='ocrx_word' id='word_1_153' title='bbox 406 1554 625 1590; x_wconf 72' lang='lat' dir='ltr'>Alexander</span> <span class='ocrx_word' id='word_1_154' title='bbox 641 1554 818 1591; x_wconf 67' lang='lat' dir='ltr'>demmuds</span> <span class='ocrx_word' id='word_1_155' title='bbox 837 1567 886 1590; x_wconf 79' lang='lat' dir='ltr'>(m</span> <span class='ocrx_word' id='word_1_156' title='bbox 906 1554 1182 1602; x_wconf 57' lang='lat' dir='ltr'>Eaplanalion.</span> 
     </span>
    </p>
   </div>
   <div class='ocr_carea' id='block_1_6' title="bbox 91 1634 1496 2372">
    <p class='ocr_par' dir='ltr' id='par_1_6' title="bbox 91 1634 1496 2372">
     <span class='ocr_line' id='line_1_21' title="bbox 143 1634 1493 1686; baseline 0 -13"><span class='ocrx_word' id='word_1_157' title='bbox 143 1634 468 1674; x_wconf 55' lang='lat' dir='ltr'>,ma—silentio</span> <span class='ocrx_word' id='word_1_158' title='bbox 496 1636 654 1673; x_wconf 89' lang='lat' dir='ltr'>tandem</span> <span class='ocrx_word' id='word_1_159' title='bbox 683 1636 796 1683; x_wconf 87' lang='lat' dir='ltr'>facto,</span> <span class='ocrx_word' id='word_1_160' title='bbox 825 1637 945 1686; x_wconf 81' lang='lat' dir='ltr'>magis</span> <span class='ocrx_word' id='word_1_161' title='bbox 973 1636 1063 1686; x_wconf 86' lang='lat' dir='ltr'>quia</span> <span class='ocrx_word' id='word_1_162' title='bbox 1090 1641 1239 1674; x_wconf 89' lang='lat' dir='ltr'>motum</span> <span class='ocrx_word' id='word_1_163' title='bbox 1267 1649 1346 1674; x_wconf 85' lang='lat' dir='ltr'>esse</span> <span class='ocrx_word' id='word_1_164' title='bbox 1365 1649 1493 1686; x_wconf 81' lang='lat' dir='ltr'>regem</span> 
     </span>
     <span class='ocr_line' id='line_1_22' title="bbox 93 1704 1496 1755; baseline 0.001 -14"><span class='ocrx_word' id='word_1_165' title='bbox 93 1704 310 1751; x_wconf 83' lang='lat' dir='ltr'>credebant,</span> <span class='ocrx_word' id='word_1_166' title='bbox 333 1717 448 1753; x_wconf 88' lang='lat' dir='ltr'>quam</span> <span class='ocrx_word' id='word_1_167' title='bbox 468 1704 557 1754; x_wconf 83' lang='lat' dir='ltr'>quia</span> <span class='ocrx_word' id='word_1_168' title='bbox 571 1705 643 1754; x_wconf 88' lang='lat' dir='ltr'>ipsi</span> <span class='ocrx_word' id='word_1_169' title='bbox 658 1705 805 1743; x_wconf 84' lang='lat' dir='ltr'>moveri</span> <span class='ocrx_word' id='word_1_170' title='bbox 819 1709 1010 1755; x_wconf 82' lang='lat' dir='ltr'>poterant,</span> <span class='ocrx_word' id='word_1_171' title='bbox 1028 1705 1211 1754; x_wconf 82' lang='lat' dir='ltr'>quidnam</span> <span class='ocrx_word' id='word_1_172' title='bbox 1224 1709 1376 1742; x_wconf 88' lang='lat' dir='ltr'>acturus</span> <span class='ocrx_word' id='word_1_173' title='bbox 1396 1709 1496 1742; x_wconf 87' lang='lat' dir='ltr'>esset</span> 
     </span>
     <span class='ocr_line' id='line_1_23' title="bbox 94 1773 1494 1824; baseline 0.001 -14"><span class='ocrx_word' id='word_1_174' title='bbox 94 1774 379 1822; x_wconf 80' lang='lat' dir='ltr'>exspectabant.</span> <span class='ocrx_word' id='word_1_175' title='bbox 439 1774 524 1811; x_wconf 81' lang='lat' dir='ltr'>Rex</span> <span class='ocrx_word' id='word_1_176' title='bbox 540 1778 674 1812; x_wconf 88' lang='lat' dir='ltr'>contra</span> <span class='ocrx_word' id='word_1_177' title='bbox 689 1774 877 1824; x_wconf 85' lang='lat' dir='ltr'>quaesivit</span> <span class='ocrx_word' id='word_1_178' title='bbox 892 1775 985 1824; x_wconf 88' lang='lat' dir='ltr'>quid</span> <span class='ocrx_word' id='word_1_179' title='bbox 1004 1774 1070 1812; x_wconf 90' lang='lat' dir='ltr'>illa</span> <span class='ocrx_word' id='word_1_180' title='bbox 1084 1788 1219 1824; x_wconf 86' lang='lat' dir='ltr'>repens</span> <span class='ocrx_word' id='word_1_181' title='bbox 1236 1773 1494 1812; x_wconf 88' lang='lat' dir='ltr'>consternatio</span> 
     </span>
     <span class='ocr_line' id='line_1_24' title="bbox 92 1842 1494 1891; baseline 0.001 -13"><span class='ocrx_word' id='word_1_182' title='bbox 92 1846 131 1879; x_wconf 84' lang='lat' dir='ltr'>et</span> <span class='ocrx_word' id='word_1_183' title='bbox 149 1846 230 1879; x_wconf 88' lang='lat' dir='ltr'>tam</span> <span class='ocrx_word' id='word_1_184' title='bbox 248 1854 389 1891; x_wconf 83' lang='lat' dir='ltr'>procax</span> <span class='ocrx_word' id='word_1_185' title='bbox 409 1846 524 1891; x_wconf 90' lang='lat' dir='ltr'>atque</span> <span class='ocrx_word' id='word_1_186' title='bbox 545 1843 663 1879; x_wconf 84' lang='lat' dir='ltr'>effusa</span> <span class='ocrx_word' id='word_1_187' title='bbox 681 1842 837 1880; x_wconf 88' lang='lat' dir='ltr'>licentia</span> <span class='ocrx_word' id='word_1_188' title='bbox 857 1843 1112 1880; x_wconf 88' lang='lat' dir='ltr'>denuntiaret.</span> <span class='ocrx_word' id='word_1_189' title='bbox 1170 1843 1304 1880; x_wconf 89' lang='lat' dir='ltr'>Palam</span> <span class='ocrx_word' id='word_1_190' title='bbox 1317 1846 1417 1880; x_wconf 88' lang='lat' dir='ltr'>certe</span> <span class='ocrx_word' id='word_1_191' title='bbox 1430 1854 1494 1880; x_wconf 89' lang='lat' dir='ltr'>eos</span> 
     </span>
     <span class='ocr_line' id='line_1_25' title="bbox 92 1910 1494 1962; baseline 0.001 -16"><span class='ocrx_word' id='word_1_192' title='bbox 92 1910 238 1959; x_wconf 87' lang='lat' dir='ltr'>rupisse</span> <span class='ocrx_word' id='word_1_193' title='bbox 267 1910 479 1960; x_wconf 88' lang='lat' dir='ltr'>imperium,</span> <span class='ocrx_word' id='word_1_194' title='bbox 502 1915 541 1947; x_wconf 90' lang='lat' dir='ltr'>et</span> <span class='ocrx_word' id='word_1_195' title='bbox 569 1924 607 1948; x_wconf 91' lang='lat' dir='ltr'>se</span> <span class='ocrx_word' id='word_1_196' title='bbox 636 1911 806 1960; x_wconf 87' lang='lat' dir='ltr'>precario</span> <span class='ocrx_word' id='word_1_197' title='bbox 834 1925 962 1962; x_wconf 80' lang='lat' dir='ltr'>regem</span> <span class='ocrx_word' id='word_1_198' title='bbox 982 1924 1073 1958; x_wconf 89' lang='lat' dir='ltr'>esse,</span> <span class='ocrx_word' id='word_1_199' title='bbox 1096 1911 1155 1948; x_wconf 88' lang='lat' dir='ltr'>cui</span> <span class='ocrx_word' id='word_1_200' title='bbox 1178 1924 1255 1949; x_wconf 90' lang='lat' dir='ltr'>non</span> <span class='ocrx_word' id='word_1_201' title='bbox 1274 1910 1494 1960; x_wconf 89' lang='lat' dir='ltr'>alloquendi</span> 
     </span>
     <span class='ocr_line' id='line_1_26' title="bbox 92 1978 1492 2029; baseline 0.001 -14"><span class='ocrx_word' id='word_1_202' title='bbox 92 1991 171 2015; x_wconf 90' lang='lat' dir='ltr'>non</span> <span class='ocrx_word' id='word_1_203' title='bbox 203 1978 387 2016; x_wconf 90' lang='lat' dir='ltr'>noscendi</span> <span class='ocrx_word' id='word_1_204' title='bbox 419 1978 677 2028; x_wconf 88' lang='lat' dir='ltr'>monendique</span> <span class='ocrx_word' id='word_1_205' title='bbox 714 1984 781 2017; x_wconf 88' lang='lat' dir='ltr'>aut</span> <span class='ocrx_word' id='word_1_206' title='bbox 817 1980 995 2017; x_wconf 86' lang='lat' dir='ltr'>intuendi</span> <span class='ocrx_word' id='word_1_207' title='bbox 1040 1993 1103 2017; x_wconf 90' lang='lat' dir='ltr'>eos</span> <span class='ocrx_word' id='word_1_208' title='bbox 1148 1980 1206 2017; x_wconf 91' lang='lat' dir='ltr'>ius</span> <span class='ocrx_word' id='word_1_209' title='bbox 1238 1980 1492 2029; x_wconf 88' lang='lat' dir='ltr'>reliquissent.</span> 
     </span>
     <span class='ocr_line' id='line_1_27' title="bbox 93 2046 1494 2098; baseline 0.001 -15"><span class='ocrx_word' id='word_1_210' title='bbox 93 2046 294 2095; x_wconf 89' lang='lat' dir='ltr'>Equidem,</span> <span class='ocrx_word' id='word_1_211' title='bbox 318 2060 404 2084; x_wconf 88' lang='lat' dir='ltr'>cum</span> <span class='ocrx_word' id='word_1_212' title='bbox 419 2047 512 2084; x_wconf 89' lang='lat' dir='ltr'>alios</span> <span class='ocrx_word' id='word_1_213' title='bbox 533 2047 730 2085; x_wconf 88' lang='lat' dir='ltr'>dimittere</span> <span class='ocrx_word' id='word_1_214' title='bbox 758 2047 798 2085; x_wconf 89' lang='lat' dir='ltr'>in</span> <span class='ocrx_word' id='word_1_215' title='bbox 817 2048 993 2097; x_wconf 88' lang='lat' dir='ltr'>patriam,</span> <span class='ocrx_word' id='word_1_216' title='bbox 1014 2048 1107 2085; x_wconf 91' lang='lat' dir='ltr'>alios</span> <span class='ocrx_word' id='word_1_217' title='bbox 1128 2061 1255 2086; x_wconf 89' lang='lat' dir='ltr'>secum</span> <span class='ocrx_word' id='word_1_218' title='bbox 1273 2048 1387 2098; x_wconf 87' lang='lat' dir='ltr'>paulo</span> <span class='ocrx_word' id='word_1_219' title='bbox 1407 2052 1494 2098; x_wconf 89' lang='lat' dir='ltr'>post</span> 
     </span>
     <span class='ocr_line' id='line_1_28' title="bbox 93 2114 1496 2166; baseline 0.002 -15"><span class='ocrx_word' id='word_1_220' title='bbox 93 2114 295 2163; x_wconf 89' lang='lat' dir='ltr'>deportare</span> <span class='ocrx_word' id='word_1_221' title='bbox 324 2115 535 2162; x_wconf 89' lang='lat' dir='ltr'>statuisset,</span> <span class='ocrx_word' id='word_1_222' title='bbox 556 2120 635 2153; x_wconf 86' lang='lat' dir='ltr'>tam</span> <span class='ocrx_word' id='word_1_223' title='bbox 655 2116 741 2153; x_wconf 91' lang='lat' dir='ltr'>illos</span> <span class='ocrx_word' id='word_1_224' title='bbox 761 2117 1013 2154; x_wconf 86' lang='lat' dir='ltr'>acclamantes</span> <span class='ocrx_word' id='word_1_225' title='bbox 1031 2116 1162 2154; x_wconf 86' lang='lat' dir='ltr'>videre</span> <span class='ocrx_word' id='word_1_226' title='bbox 1191 2130 1240 2163; x_wconf 84' lang='lat' dir='ltr'>se,</span> <span class='ocrx_word' id='word_1_227' title='bbox 1262 2117 1328 2166; x_wconf 91' lang='lat' dir='ltr'>qui</span> <span class='ocrx_word' id='word_1_228' title='bbox 1353 2116 1496 2154; x_wconf 90' lang='lat' dir='ltr'>abituri</span> 
     </span>
     <span class='ocr_line' id='line_1_29' title="bbox 92 2184 1492 2234; baseline 0.001 -14"><span class='ocrx_word' id='word_1_229' title='bbox 92 2187 231 2229; x_wconf 86' lang='lat' dir='ltr'>essent,</span> <span class='ocrx_word' id='word_1_230' title='bbox 278 2196 394 2232; x_wconf 90' lang='lat' dir='ltr'>quam</span> <span class='ocrx_word' id='word_1_231' title='bbox 431 2196 505 2229; x_wconf 80' lang='lat' dir='ltr'>eOS,</span> <span class='ocrx_word' id='word_1_232' title='bbox 544 2184 772 2233; x_wconf 88' lang='lat' dir='ltr'>quibuscum</span> <span class='ocrx_word' id='word_1_233' title='bbox 808 2185 1035 2233; x_wconf 88' lang='lat' dir='ltr'>praemissos</span> <span class='ocrx_word' id='word_1_234' title='bbox 1072 2185 1253 2234; x_wconf 86' lang='lat' dir='ltr'>subsequi</span> <span class='ocrx_word' id='word_1_235' title='bbox 1288 2185 1328 2222; x_wconf 93' lang='lat' dir='ltr'>in</span> <span class='ocrx_word' id='word_1_236' title='bbox 1365 2185 1492 2222; x_wconf 87' lang='lat' dir='ltr'>animo</span> 
     </span>
     <span class='ocr_line' id='line_1_30' title="bbox 91 2252 1492 2304; baseline 0.001 -15"><span class='ocrx_word' id='word_1_237' title='bbox 91 2252 259 2290; x_wconf 87' lang='lat' dir='ltr'>haberet.</span> <span class='ocrx_word' id='word_1_238' title='bbox 320 2252 422 2299; x_wconf 76' lang='lat' dir='ltr'>Quid</span> <span class='ocrx_word' id='word_1_239' title='bbox 449 2252 532 2299; x_wconf 88' lang='lat' dir='ltr'>hoc,</span> <span class='ocrx_word' id='word_1_240' title='bbox 563 2253 700 2302; x_wconf 88' lang='lat' dir='ltr'>inquit,</span> <span class='ocrx_word' id='word_1_241' title='bbox 731 2253 786 2291; x_wconf 88' lang='lat' dir='ltr'>rei</span> <span class='ocrx_word' id='word_1_242' title='bbox 815 2256 899 2291; x_wconf 65' lang='lat' dir='ltr'>est?</span> <span class='ocrx_word' id='word_1_243' title='bbox 929 2254 1073 2304; x_wconf 88' lang='lat' dir='ltr'>dispari</span> <span class='ocrx_word' id='word_1_244' title='bbox 1101 2253 1142 2290; x_wconf 92' lang='lat' dir='ltr'>in</span> <span class='ocrx_word' id='word_1_245' title='bbox 1161 2267 1272 2291; x_wconf 87' lang='lat' dir='ltr'>causa</span> <span class='ocrx_word' id='word_1_246' title='bbox 1290 2253 1394 2291; x_wconf 88' lang='lat' dir='ltr'>idem</span> <span class='ocrx_word' id='word_1_247' title='bbox 1414 2266 1492 2291; x_wconf 92' lang='lat' dir='ltr'>om-</span> 
     </span>
     <span class='ocr_line' id='line_1_31' title="bbox 91 2320 1495 2372; baseline 0.001 -14"><span class='ocrx_word' id='word_1_248' title='bbox 91 2321 200 2358; x_wconf 88' lang='lat' dir='ltr'>nium</span> <span class='ocrx_word' id='word_1_249' title='bbox 227 2320 370 2358; x_wconf 89' lang='lat' dir='ltr'>clamor</span> <span class='ocrx_word' id='word_1_250' title='bbox 397 2325 469 2359; x_wconf 89' lang='lat' dir='ltr'>est.</span> <span class='ocrx_word' id='word_1_251' title='bbox 523 2321 652 2359; x_wconf 90' lang='lat' dir='ltr'>Velim</span> <span class='ocrx_word' id='word_1_252' title='bbox 685 2322 792 2369; x_wconf 87' lang='lat' dir='ltr'>scire,</span> <span class='ocrx_word' id='word_1_253' title='bbox 820 2326 963 2369; x_wconf 77' lang='lat' dir='ltr'>utrum,</span> <span class='ocrx_word' id='word_1_254' title='bbox 993 2322 1059 2372; x_wconf 87' lang='lat' dir='ltr'>qui</span> <span class='ocrx_word' id='word_1_255' title='bbox 1091 2322 1307 2369; x_wconf 88' lang='lat' dir='ltr'>discedunt,</span> <span class='ocrx_word' id='word_1_256' title='bbox 1339 2336 1398 2370; x_wconf 90' lang='lat' dir='ltr'>an,</span> <span class='ocrx_word' id='word_1_257' title='bbox 1429 2321 1495 2371; x_wconf 88' lang='lat' dir='ltr'>qui</span> 
     </span>
    </p>
   </div>
  </div>
 </body>
</html>
