1559 2463
50 37 232 88 PART11.]
426 37 694 74 HISTORY
717 37 792 73 OF
817 36 1065 74 GREECE.
1402 36 1444 70 61

47 145 343 183 Atheniensium
358 145 570 191 mitterent,
588 148 631 181 ut
652 143 699 180 ad
720 143 911 180 Isthmum
932 155 1065 191 segnes
1084 146 1292 179 manerent.
1352 142 1449 179 Tum

47 227 138 251 vero
165 213 423 251 Athenienses
443 225 508 262 spe
534 212 639 249 urbis
667 211 852 248 tutandae
873 211 1023 257 deiecti,
1042 211 1151 260 gnari
1181 210 1293 247 simul
1322 223 1450 260 regem

48 296 196 319 summa
225 282 419 319 celeritate
449 280 692 326 contendere,
713 280 855 318 relictis
883 279 1072 325 domibus,
1095 279 1212 317 classe
1233 280 1383 328 excepti
1412 279 1449 315 in

47 355 175 388 tutum
195 364 234 388 se
254 350 451 399 recipiunt.
512 349 659 386 Xerxes
673 353 801 385 autem
822 348 887 385 ubi
908 347 956 385 ad
977 348 1112 385 urbem
1131 352 1360 397 perventum
1380 351 1447 392 est,

46 432 187 469 poenas
224 419 273 456 ob
310 419 483 456 incensas
521 417 660 455 Sardes
693 416 868 466 sumpsit.
935 416 1046 462 Quod
1080 416 1221 453 civium
1255 420 1452 464 supererat

46 488 146 525 ferro
166 487 382 524 trucidatur
401 502 406 523 :
435 485 593 523 deiectis
613 485 770 522 aedibus
791 484 886 530 aliis,
909 484 991 521 aliis
1012 484 1099 534 igne
1120 484 1380 529 concrematis,
1402 497 1449 521 ne

44 557 144 593 fanis
165 556 321 605 quidem
340 555 569 604 templisque
598 554 768 591 Deorum
796 567 950 602 parsum
971 558 1039 591 est.
1097 553 1152 589 Ea
1181 553 1336 590 demum
1366 566 1450 602 spes

46 625 192 662 civibus
221 624 521 673 relinquebatur,
552 622 655 672 quod
689 622 828 667 classis,
865 635 979 670 quam
1008 626 1160 658 auctore
1194 621 1450 659 Themistocle

45 693 297 739 confecerant,
329 692 377 730 ad
416 692 610 730 Salamina
638 691 761 728 adhuc
799 690 1000 728 incolumis
1028 690 1068 726 in
1096 691 1244 727 ancoris
1282 703 1320 728 se
1349 695 1451 727 tene-

49 762 122 799 bat.

240 928 492 964 Themistocles
503 930 676 974 prevenis
694 926 753 961 the
776 925 913 963 Greeks
918 925 1027 972 from
1048 926 1256 973 retreatl'ng.

100 1019 351 1059 127.—Cum
369 1019 445 1056 iam
461 1018 509 1056 ad
523 1030 678 1055 ancoras
691 1017 915 1055 consisteret
931 1016 1135 1053 Persarum
1153 1017 1280 1054 classis
1310 1017 1348 1054 in
1365 1017 1450 1054 sinu

44 1089 255 1135 Phalerico,
294 1089 367 1138 ipsi
413 1088 461 1126 ad
508 1087 715 1125 servandos
760 1086 931 1124 hostium
977 1090 1106 1123 motus
1151 1086 1199 1123 ad
1256 1086 1450 1125 Salamina

43 1163 254 1204 manerent,
287 1157 401 1195 duces
435 1156 669 1194 Graecorum
702 1155 935 1193 dubitabant
963 1155 1056 1204 quid
1089 1155 1308 1192 faciendum
1337 1161 1449 1201 esset,

44 1227 127 1265 aliis
147 1227 195 1264 ad
211 1227 404 1264 Isthmum
423 1225 681 1263 recedendum
696 1225 754 1261 uti
775 1224 851 1261 suis
868 1224 907 1260 in
928 1223 1143 1261 continenti
1160 1224 1448 1271 auxiliarentur,

42 1296 125 1334 aliis
163 1296 397 1333 manendum
441 1299 480 1332 et
517 1307 602 1332 cum
648 1293 758 1331 hoste
796 1293 1073 1330 decertandum
1110 1293 1448 1332 conclamantibus

44 1366 190 1413 Quibus
210 1365 486 1402 animadversis
515 1363 791 1401 Themistocles
819 1376 960 1412 gnarus
988 1363 1043 1399 ita
1071 1362 1185 1399 modo
1214 1368 1450 1412 pugnaturos

43 1448 122 1472 esse
138 1434 303 1472 Graecos
324 1434 354 1470 si
369 1434 493 1471 locum
513 1433 553 1469 in
573 1445 648 1482 quo
669 1437 795 1470 essent
815 1431 1047 1476 obtinerent,
1069 1444 1153 1467 cum
1173 1430 1313 1468 iterum
1334 1436 1448 1480 atque

39 1504 180 1541 iterum
217 1503 461 1541 concionatus
498 1502 657 1539 ducibus
703 1501 1069 1550 Peloponnesiorum
1106 1500 1334 1550 persuadere
1372 1514 1449 1538 non

40 1573 240 1623 potuisset,
261 1571 309 1609 ad
330 1571 499 1609 Xerxem
518 1571 648 1608 literas
664 1570 760 1607 clam
780 1570 886 1606 misit
906 1582 1002 1619 quae
1022 1569 1204 1606 docerent
1224 1568 1390 1606 Graecos
1410 1569 1449 1606 in

41 1655 84 1679 eo
122 1654 202 1679 esse
239 1646 282 1678 ut
328 1641 367 1678 in
404 1641 535 1690 fugam
574 1653 612 1677 se
650 1639 886 1689 reciperent:
933 1638 1095 1688 proinde
1132 1652 1200 1676 rex
1246 1639 1449 1676 haerentes

40 1711 265 1748 adoriretur.
340 1710 485 1747 Iterum
533 1708 836 1746 deliberantibus
882 1707 1043 1744 ducibus
1081 1707 1208 1744 adfuit
1244 1707 1447 1753 Aristides,

42 1791 154 1827 quem
183 1777 400 1815 exsulatum
429 1777 533 1814 abire
562 1781 734 1813 coactum
763 1776 1073 1821 memoravimus,
1094 1776 1376 1825 nuntiavitque,
1409 1789 1447 1813 se

41 1852 156 1884 noctu
194 1847 351 1884 classem
389 1846 559 1883 hostium
595 1845 799 1883 fefellisse:
839 1846 1140 1882 circumventam
1175 1844 1253 1882 iam
1289 1844 1447 1883 classem

42 1928 166 1965 neque
185 1915 303 1952 ullam
324 1914 497 1951 relictam
518 1914 680 1951 salutem
700 1913 774 1950 nisi
794 1926 964 1962 pugnare
985 1912 1180 1951 auderent.

499 2075 575 2110 lee
594 2074 723 2110 Battle
740 2073 784 2120 of
798 2074 971 2111 Salamis.

96 2175 310 2215 128.-Ut
341 2174 472 2212 illuxit
500 2174 591 2213 dato
625 2175 733 2224 signo
767 2188 788 2212 a
820 2174 948 2212 Persis
980 2174 1024 2211 fit
1053 2175 1227 2224 impetus.
1298 2174 1445 2222 Quibus

37 2245 272 2282 irruentibus
292 2244 323 2282 is
342 2257 462 2294 pavor
489 2257 533 2281 ea
552 2243 767 2293 desperatio
788 2243 952 2281 Graecos
972 2243 1124 2289 invasit,
1145 2248 1190 2281 ut
1217 2243 1295 2281 acie
1314 2244 1447 2282 relicta

40 2327 109 2363 pro
138 2327 176 2351 se
206 2313 368 2363 quisque
401 2313 450 2351 ad
483 2313 575 2351 litus
605 2313 735 2363 fugere
769 2317 1008 2350 conarentur.
1067 2312 1143 2362 Spe
1176 2318 1304 2351 tamen
1333 2313 1446 2364 fugae
