<?xml version="1.0" encoding="UTF-8"?>
<!DOCTYPE html PUBLIC "-//W3C//DTD XHTML 1.0 Transitional//EN"
    "http://www.w3.org/TR/xhtml1/DTD/xhtml1-transitional.dtd">
<html xmlns="http://www.w3.org/1999/xhtml" xml:lang="en" lang="en">
 <head>
  <title>
</title>
<meta http-equiv="Content-Type" content="text/html;charset=utf-8" />
  <meta name='ocr-system' content='tesseract 3.04.00' />
  <meta name='ocr-capabilities' content='ocr_page ocr_carea ocr_par ocr_line ocrx_word'/>
</head>
<body>
  <div class='ocr_page' id='page_1' title='image "./secondlatinreadi00benn_0095.png"; bbox 0 0 1559 2463; ppageno 0'>
   <div class='ocr_carea' id='block_1_1' title="bbox 79 28 1475 80">
    <p class='ocr_par' dir='ltr' id='par_1_1' title="bbox 79 28 1475 80">
     <span class='ocr_line' id='line_1_1' title="bbox 79 28 1475 80; baseline 0.002 -14"><span class='ocrx_word' id='word_1_1' title='bbox 79 28 262 79; x_wconf 84' lang='lat' dir='ltr'>PART11.]</span> <span class='ocrx_word' id='word_1_2' title='bbox 453 31 722 68; x_wconf 80' lang='lat' dir='ltr'>HISTORY</span> <span class='ocrx_word' id='word_1_3' title='bbox 748 32 823 68; x_wconf 83' lang='lat' dir='ltr'>OF</span> <span class='ocrx_word' id='word_1_4' title='bbox 849 33 1096 69; x_wconf 82' lang='lat' dir='ltr'><em>GREECE.</em></span> <span class='ocrx_word' id='word_1_5' title='bbox 1432 44 1475 80; x_wconf 94' lang='lat'>77</span> 
     </span>
    </p>
   </div>
   <div class='ocr_carea' id='block_1_2' title="bbox 76 141 1479 329">
    <p class='ocr_par' dir='ltr' id='par_1_2' title="bbox 76 141 1479 329">
     <span class='ocr_line' id='line_1_2' title="bbox 77 141 1479 192; baseline 0.003 -15"><span class='ocrx_word' id='word_1_6' title='bbox 77 141 352 190; x_wconf 73' lang='lat' dir='ltr'>Spartanorum</span> <span class='ocrx_word' id='word_1_7' title='bbox 381 141 576 190; x_wconf 82' lang='lat' dir='ltr'>egregium</span> <span class='ocrx_word' id='word_1_8' title='bbox 605 142 759 179; x_wconf 81' lang='lat' dir='ltr'>virtutis</span> <span class='ocrx_word' id='word_1_9' title='bbox 789 143 1012 192; x_wconf 75' lang='lat' dir='ltr'>consiliique</span> <span class='ocrx_word' id='word_1_10' title='bbox 1038 143 1228 192; x_wconf 78' lang='lat' dir='ltr'>specimen</span> <span class='ocrx_word' id='word_1_11' title='bbox 1257 143 1377 190; x_wconf 88' lang='lat' dir='ltr'>dedit,</span> <span class='ocrx_word' id='word_1_12' title='bbox 1404 158 1479 181; x_wconf 88' lang='lat' dir='ltr'>om-</span> 
     </span>
     <span class='ocr_line' id='line_1_3' title="bbox 76 209 1478 259; baseline 0.004 -14"><span class='ocrx_word' id='word_1_13' title='bbox 76 209 187 246; x_wconf 90' lang='lat' dir='ltr'>nibus</span> <span class='ocrx_word' id='word_1_14' title='bbox 207 209 333 258; x_wconf 89' lang='lat' dir='ltr'>palam</span> <span class='ocrx_word' id='word_1_15' title='bbox 358 209 458 246; x_wconf 83' lang='lat' dir='ltr'>facto</span> <span class='ocrx_word' id='word_1_16' title='bbox 479 222 571 258; x_wconf 86' lang='lat' dir='ltr'>quas</span> <span class='ocrx_word' id='word_1_17' title='bbox 592 210 684 247; x_wconf 91' lang='lat' dir='ltr'>olim</span> <span class='ocrx_word' id='word_1_18' title='bbox 703 210 803 247; x_wconf 84' lang='lat' dir='ltr'>vires</span> <span class='ocrx_word' id='word_1_19' title='bbox 830 211 1011 259; x_wconf 88' lang='lat' dir='ltr'>Spartani</span> <span class='ocrx_word' id='word_1_20' title='bbox 1030 211 1253 249; x_wconf 88' lang='lat' dir='ltr'>habuissent</span> <span class='ocrx_word' id='word_1_21' title='bbox 1272 225 1335 250; x_wconf 89' lang='lat' dir='ltr'>eas</span> <span class='ocrx_word' id='word_1_22' title='bbox 1355 213 1478 250; x_wconf 88' lang='lat' dir='ltr'>adhuc</span> 
     </span>
     <span class='ocr_line' id='line_1_4' title="bbox 76 279 1247 329; baseline 0.003 -15"><span class='ocrx_word' id='word_1_23' title='bbox 76 282 226 327; x_wconf 87' lang='lat' dir='ltr'>praesto</span> <span class='ocrx_word' id='word_1_24' title='bbox 248 292 341 324; x_wconf 86' lang='lat' dir='ltr'>esse,</span> <span class='ocrx_word' id='word_1_25' title='bbox 360 291 483 328; x_wconf 90' lang='lat' dir='ltr'>neque</span> <span class='ocrx_word' id='word_1_26' title='bbox 504 291 721 328; x_wconf 83' lang='lat' dir='ltr'>quenquam</span> <span class='ocrx_word' id='word_1_27' title='bbox 742 279 932 328; x_wconf 86' lang='lat' dir='ltr'>Spartano</span> <span class='ocrx_word' id='word_1_28' title='bbox 952 279 991 316; x_wconf 90' lang='lat' dir='ltr'>in</span> <span class='ocrx_word' id='word_1_29' title='bbox 1011 280 1090 317; x_wconf 88' lang='lat' dir='ltr'>acie</span> <span class='ocrx_word' id='word_1_30' title='bbox 1110 293 1247 329; x_wconf 89' lang='lat' dir='ltr'>parem.</span> 
     </span>
    </p>
   </div>
   <div class='ocr_carea' id='block_1_3' title="bbox 352 413 1212 461">
    <p class='ocr_par' dir='ltr' id='par_1_3' title="bbox 352 413 1212 461">
     <span class='ocr_line' id='line_1_5' title="bbox 352 413 1212 461; baseline 0.001 -12"><span class='ocrx_word' id='word_1_31' title='bbox 352 413 702 461; x_wconf 67' lang='lat' dir='ltr'>Preparall&#39;oszsfm‘</span> <span class='ocrx_word' id='word_1_32' title='bbox 719 426 767 449; x_wconf 76' lang='lat' dir='ltr'>an</span> <span class='ocrx_word' id='word_1_33' title='bbox 788 414 1018 461; x_wconf 60' lang='lat' dir='ltr'>Eapcdilz&#39;mz</span> <span class='ocrx_word' id='word_1_34' title='bbox 1039 418 1072 449; x_wconf 71' lang='lat' dir='ltr'>lo</span> <span class='ocrx_word' id='word_1_35' title='bbox 1093 415 1212 461; x_wconf 53' lang='lat' dir='ltr'>Ssczhv.</span> 
     </span>
    </p>
   </div>
   <div class='ocr_carea' id='block_1_4' title="bbox 70 497 1479 1299">
    <p class='ocr_par' dir='ltr' id='par_1_4' title="bbox 70 497 1479 1299">
     <span class='ocr_line' id='line_1_6' title="bbox 130 497 1478 548; baseline 0.002 -15"><span class='ocrx_word' id='word_1_36' title='bbox 130 497 446 536; x_wconf 82' lang='lat' dir='ltr'>159.—Interin1</span> <span class='ocrx_word' id='word_1_37' title='bbox 483 497 531 534; x_wconf 88' lang='lat' dir='ltr'>ad</span> <span class='ocrx_word' id='word_1_38' title='bbox 568 497 825 534; x_wconf 76' lang='lat' dir='ltr'>Athenienses</span> <span class='ocrx_word' id='word_1_39' title='bbox 861 503 1051 534; x_wconf 89' lang='lat' dir='ltr'>venerunt</span> <span class='ocrx_word' id='word_1_40' title='bbox 1088 503 1257 535; x_wconf 88' lang='lat' dir='ltr'>oratores</span> <span class='ocrx_word' id='word_1_41' title='bbox 1294 498 1478 548; x_wconf 85' lang='lat' dir='ltr'>Egestani</span> 
     </span>
     <span class='ocr_line' id='line_1_7' title="bbox 74 564 1479 614; baseline 0.003 -13"><span class='ocrx_word' id='word_1_42' title='bbox 74 564 260 602; x_wconf 81' lang='lat' dir='ltr'>auxilium</span> <span class='ocrx_word' id='word_1_43' title='bbox 294 570 427 602; x_wconf 82' lang='lat' dir='ltr'>contra</span> <span class='ocrx_word' id='word_1_44' title='bbox 459 565 718 614; x_wconf 87' lang='lat' dir='ltr'>Syracusanos</span> <span class='ocrx_word' id='word_1_45' title='bbox 752 570 911 602; x_wconf 89' lang='lat' dir='ltr'>oratum.</span> <span class='ocrx_word' id='word_1_46' title='bbox 971 566 1141 612; x_wconf 74' lang='lat' dir='ltr'>Quorum</span> <span class='ocrx_word' id='word_1_47' title='bbox 1169 567 1317 605; x_wconf 88' lang='lat' dir='ltr'>ratione</span> <span class='ocrx_word' id='word_1_48' title='bbox 1346 567 1479 605; x_wconf 87' lang='lat' dir='ltr'>audita</span> 
     </span>
     <span class='ocr_line' id='line_1_8' title="bbox 72 633 1478 682; baseline 0.004 -12"><span class='ocrx_word' id='word_1_49' title='bbox 72 633 292 671; x_wconf 71' lang='lat' dir='ltr'>Alcibiades</span> <span class='ocrx_word' id='word_1_50' title='bbox 312 634 458 671; x_wconf 87' lang='lat' dir='ltr'>civibus</span> <span class='ocrx_word' id='word_1_51' title='bbox 478 638 610 671; x_wconf 88' lang='lat' dir='ltr'>auctor</span> <span class='ocrx_word' id='word_1_52' title='bbox 629 633 704 670; x_wconf 77' lang='lat' dir='ltr'>fuit</span> <span class='ocrx_word' id='word_1_53' title='bbox 723 634 849 682; x_wconf 86' lang='lat' dir='ltr'>copias</span> <span class='ocrx_word' id='word_1_54' title='bbox 868 634 907 671; x_wconf 91' lang='lat' dir='ltr'>in</span> <span class='ocrx_word' id='word_1_55' title='bbox 929 634 1097 672; x_wconf 90' lang='lat' dir='ltr'>Siciliam</span> <span class='ocrx_word' id='word_1_56' title='bbox 1116 635 1305 673; x_wconf 88' lang='lat' dir='ltr'>mittendi.</span> <span class='ocrx_word' id='word_1_57' title='bbox 1354 637 1478 675; x_wconf 88' lang='lat' dir='ltr'>Dores</span> 
     </span>
     <span class='ocr_line' id='line_1_9' title="bbox 72 702 1478 752; baseline 0.003 -13"><span class='ocrx_word' id='word_1_58' title='bbox 72 702 112 739; x_wconf 90' lang='lat' dir='ltr'>in</span> <span class='ocrx_word' id='word_1_59' title='bbox 146 702 275 740; x_wconf 81' lang='lat' dir='ltr'>Sicilia</span> <span class='ocrx_word' id='word_1_60' title='bbox 307 702 444 749; x_wconf 88' lang='lat' dir='ltr'>valere,</span> <span class='ocrx_word' id='word_1_61' title='bbox 481 702 645 739; x_wconf 87' lang='lat' dir='ltr'>Dorium</span> <span class='ocrx_word' id='word_1_62' title='bbox 678 702 821 740; x_wconf 84' lang='lat' dir='ltr'>ibidem</span> <span class='ocrx_word' id='word_1_63' title='bbox 855 703 983 741; x_wconf 89' lang='lat' dir='ltr'>omnia</span> <span class='ocrx_word' id='word_1_64' title='bbox 1015 704 1121 741; x_wconf 87' lang='lat' dir='ltr'>brevi</span> <span class='ocrx_word' id='word_1_65' title='bbox 1154 705 1293 752; x_wconf 85' lang='lat' dir='ltr'>futura,</span> <span class='ocrx_word' id='word_1_66' title='bbox 1324 706 1398 743; x_wconf 89' lang='lat' dir='ltr'>nisi</span> <span class='ocrx_word' id='word_1_67' title='bbox 1431 707 1478 743; x_wconf 89' lang='lat' dir='ltr'>ab</span> 
     </span>
     <span class='ocr_line' id='line_1_10' title="bbox 73 770 1478 812; baseline 0.004 -5"><span class='ocrx_word' id='word_1_68' title='bbox 73 771 230 808; x_wconf 89' lang='lat' dir='ltr'>Ionibus</span> <span class='ocrx_word' id='word_1_69' title='bbox 267 771 313 807; x_wconf 92' lang='lat' dir='ltr'>iis</span> <span class='ocrx_word' id='word_1_70' title='bbox 350 771 526 808; x_wconf 89' lang='lat' dir='ltr'>restitum</span> <span class='ocrx_word' id='word_1_71' title='bbox 560 775 668 808; x_wconf 89' lang='lat' dir='ltr'>esset.</span> <span class='ocrx_word' id='word_1_72' title='bbox 725 771 788 808; x_wconf 92' lang='lat' dir='ltr'>An</span> <span class='ocrx_word' id='word_1_73' title='bbox 826 770 865 808; x_wconf 91' lang='lat' dir='ltr'>id</span> <span class='ocrx_word' id='word_1_74' title='bbox 902 771 1130 810; x_wconf 72' lang='lat' dir='ltr'>toleraturos</span> <span class='ocrx_word' id='word_1_75' title='bbox 1167 786 1247 811; x_wconf 88' lang='lat' dir='ltr'>sese</span> <span class='ocrx_word' id='word_1_76' title='bbox 1280 778 1324 811; x_wconf 94' lang='lat' dir='ltr'>ut</span> <span class='ocrx_word' id='word_1_77' title='bbox 1355 774 1478 812; x_wconf 88' lang='lat' dir='ltr'>Dores</span> 
     </span>
     <span class='ocr_line' id='line_1_11' title="bbox 72 838 1477 890; baseline 0.003 -14"><span class='ocrx_word' id='word_1_78' title='bbox 72 839 233 876; x_wconf 86' lang='lat' dir='ltr'>devictis</span> <span class='ocrx_word' id='word_1_79' title='bbox 252 839 291 876; x_wconf 89' lang='lat' dir='ltr'>in</span> <span class='ocrx_word' id='word_1_80' title='bbox 313 839 443 876; x_wconf 78' lang='lat' dir='ltr'>Sicilia</span> <span class='ocrx_word' id='word_1_81' title='bbox 463 838 645 888; x_wconf 87' lang='lat' dir='ltr'>quicquid</span> <span class='ocrx_word' id='word_1_82' title='bbox 666 839 937 877; x_wconf 85' lang='lat' dir='ltr'>amicissimum</span> <span class='ocrx_word' id='word_1_83' title='bbox 966 840 1057 890; x_wconf 89' lang='lat' dir='ltr'>ipsis</span> <span class='ocrx_word' id='word_1_84' title='bbox 1086 846 1197 888; x_wconf 84' lang='lat' dir='ltr'>esset,</span> <span class='ocrx_word' id='word_1_85' title='bbox 1213 842 1258 879; x_wconf 64' lang='lat' dir='ltr'>‘in</span> <span class='ocrx_word' id='word_1_86' title='bbox 1278 842 1477 880; x_wconf 85' lang='lat' dir='ltr'>Graeciam</span> 
     </span>
     <span class='ocr_line' id='line_1_12' title="bbox 72 907 1475 960; baseline 0.003 -16"><span class='ocrx_word' id='word_1_87' title='bbox 72 907 292 944; x_wconf 90' lang='lat' dir='ltr'>traiicerent</span> <span class='ocrx_word' id='word_1_88' title='bbox 332 920 444 956; x_wconf 90' lang='lat' dir='ltr'>opem</span> <span class='ocrx_word' id='word_1_89' title='bbox 487 907 686 956; x_wconf 81' lang='lat' dir='ltr'>Spartanis</span> <span class='ocrx_word' id='word_1_90' title='bbox 727 907 868 944; x_wconf 68' lang='lat' dir='ltr'>laturi?</span> <span class='ocrx_word' id='word_1_91' title='bbox 936 908 1102 946; x_wconf 85' lang='lat' dir='ltr'>Proinde</span> <span class='ocrx_word' id='word_1_92' title='bbox 1139 923 1245 947; x_wconf 86' lang='lat' dir='ltr'>arma</span> <span class='ocrx_word' id='word_1_93' title='bbox 1286 916 1475 960; x_wconf 82' lang='lat' dir='ltr'>caperent,</span> 
     </span>
     <span class='ocr_line' id='line_1_13' title="bbox 71 975 1473 1028; baseline 0.004 -16"><span class='ocrx_word' id='word_1_94' title='bbox 71 975 239 1013; x_wconf 87' lang='lat' dir='ltr'>Doribus</span> <span class='ocrx_word' id='word_1_95' title='bbox 281 981 541 1013; x_wconf 87' lang='lat' dir='ltr'>monstrarent</span> <span class='ocrx_word' id='word_1_96' title='bbox 576 976 761 1013; x_wconf 80' lang='lat' dir='ltr'>virtutem</span> <span class='ocrx_word' id='word_1_97' title='bbox 798 976 947 1014; x_wconf 88' lang='lat' dir='ltr'>virilem</span> <span class='ocrx_word' id='word_1_98' title='bbox 989 977 1112 1015; x_wconf 89' lang='lat' dir='ltr'>adhuc</span> <span class='ocrx_word' id='word_1_99' title='bbox 1154 978 1227 1015; x_wconf 83' lang='lat' dir='ltr'>sibi</span> <span class='ocrx_word' id='word_1_100' title='bbox 1269 992 1473 1028; x_wconf 84' lang='lat' dir='ltr'>superesse.</span> 
     </span>
     <span class='ocr_line' id='line_1_14' title="bbox 72 1043 1478 1085; baseline 0.004 -5"><span class='ocrx_word' id='word_1_101' title='bbox 72 1043 177 1081; x_wconf 90' lang='lat' dir='ltr'>Haec</span> <span class='ocrx_word' id='word_1_102' title='bbox 205 1048 244 1081; x_wconf 89' lang='lat' dir='ltr'>et</span> <span class='ocrx_word' id='word_1_103' title='bbox 272 1043 458 1082; x_wconf 88' lang='lat' dir='ltr'>eiusmodi</span> <span class='ocrx_word' id='word_1_104' title='bbox 492 1044 802 1081; x_wconf 87' lang='lat' dir='ltr'>contionabundo</span> <span class='ocrx_word' id='word_1_105' title='bbox 836 1058 921 1081; x_wconf 88' lang='lat' dir='ltr'>cum</span> <span class='ocrx_word' id='word_1_106' title='bbox 954 1045 1065 1082; x_wconf 88' lang='lat' dir='ltr'>multi</span> <span class='ocrx_word' id='word_1_107' title='bbox 1094 1059 1113 1083; x_wconf 91' lang='lat' dir='ltr'>e</span> <span class='ocrx_word' id='word_1_108' title='bbox 1143 1046 1289 1084; x_wconf 87' lang='lat' dir='ltr'>civibus</span> <span class='ocrx_word' id='word_1_109' title='bbox 1321 1047 1478 1085; x_wconf 87' lang='lat' dir='ltr'>assenti-</span> 
     </span>
     <span class='ocr_line' id='line_1_15' title="bbox 72 1112 1475 1164; baseline 0.003 -15"><span class='ocrx_word' id='word_1_110' title='bbox 72 1117 213 1158; x_wconf 85' lang='lat' dir='ltr'>rentur,</span> <span class='ocrx_word' id='word_1_111' title='bbox 252 1113 426 1162; x_wconf 86' lang='lat' dir='ltr'>quamvis</span> <span class='ocrx_word' id='word_1_112' title='bbox 471 1112 773 1161; x_wconf 85' lang='lat' dir='ltr'>sapientissimus</span> <span class='ocrx_word' id='word_1_113' title='bbox 820 1113 978 1162; x_wconf 84' lang='lat' dir='ltr'>quisque</span> <span class='ocrx_word' id='word_1_114' title='bbox 1023 1118 1061 1151; x_wconf 91' lang='lat' dir='ltr'>et</span> <span class='ocrx_word' id='word_1_115' title='bbox 1102 1115 1303 1164; x_wconf 84' lang='lat' dir='ltr'>praecipue</span> <span class='ocrx_word' id='word_1_116' title='bbox 1345 1115 1475 1153; x_wconf 83' lang='lat' dir='ltr'>Nicias</span> 
     </span>
     <span class='ocr_line' id='line_1_16' title="bbox 71 1182 1474 1233; baseline 0.004 -16"><span class='ocrx_word' id='word_1_117' title='bbox 71 1182 404 1219; x_wconf 85' lang='lat' dir='ltr'>vehementissime</span> <span class='ocrx_word' id='word_1_118' title='bbox 433 1182 739 1227; x_wconf 77' lang='lat' dir='ltr'>adversarentur,</span> <span class='ocrx_word' id='word_1_119' title='bbox 772 1182 1059 1232; x_wconf 77' lang='lat' dir='ltr'>expeditionem</span> <span class='ocrx_word' id='word_1_120' title='bbox 1088 1183 1192 1221; x_wconf 88' lang='lat' dir='ltr'>mitti</span> <span class='ocrx_word' id='word_1_121' title='bbox 1220 1184 1386 1233; x_wconf 87' lang='lat' dir='ltr'>placuit:</span> <span class='ocrx_word' id='word_1_122' title='bbox 1415 1185 1474 1221; x_wconf 86' lang='lat' dir='ltr'>cui</span> 
     </span>
     <span class='ocr_line' id='line_1_17' title="bbox 70 1249 1061 1299; baseline 0.002 -13"><span class='ocrx_word' id='word_1_123' title='bbox 70 1249 309 1287; x_wconf 75' lang='lat' dir='ltr'>Alcibiadem</span> <span class='ocrx_word' id='word_1_124' title='bbox 331 1250 564 1287; x_wconf 87' lang='lat' dir='ltr'>Lamachum</span> <span class='ocrx_word' id='word_1_125' title='bbox 584 1250 735 1287; x_wconf 85' lang='lat' dir='ltr'>Niciam</span> <span class='ocrx_word' id='word_1_126' title='bbox 754 1251 907 1299; x_wconf 86' lang='lat' dir='ltr'>praefici</span> <span class='ocrx_word' id='word_1_127' title='bbox 926 1251 1061 1289; x_wconf 87' lang='lat' dir='ltr'>visum.</span> 
     </span>
    </p>
   </div>
   <div class='ocr_carea' id='block_1_5' title="bbox 453 1393 1090 1440">
    <p class='ocr_par' dir='ltr' id='par_1_5' title="bbox 453 1393 1090 1440">
     <span class='ocr_line' id='line_1_18' title="bbox 453 1393 1090 1440; baseline 0.003 -13"><span class='ocrx_word' id='word_1_128' title='bbox 453 1393 662 1428; x_wconf 74' lang='lat' dir='ltr'>Alcibiades</span> <span class='ocrx_word' id='word_1_129' title='bbox 681 1393 831 1428; x_wconf 71' lang='lat' dir='ltr'>accuscd</span> <span class='ocrx_word' id='word_1_130' title='bbox 846 1393 891 1439; x_wconf 62' lang='lat' dir='ltr'>(ff</span> <span class='ocrx_word' id='word_1_131' title='bbox 903 1394 1090 1440; x_wconf 56' lang='lat' dir='ltr'>Sacm&#39;lege.</span> 
     </span>
    </p>
   </div>
   <div class='ocr_carea' id='block_1_6' title="bbox 68 1475 1474 2335">
    <p class='ocr_par' dir='ltr' id='par_1_6' title="bbox 68 1475 1474 2335">
     <span class='ocr_line' id='line_1_19' title="bbox 124 1475 1472 1526; baseline 0.002 -13"><span class='ocrx_word' id='word_1_132' title='bbox 124 1476 385 1522; x_wconf 75' lang='lat' dir='ltr'>lssO.—Quac</span> <span class='ocrx_word' id='word_1_133' title='bbox 406 1475 601 1524; x_wconf 81' lang='lat' dir='ltr'>expeditio</span> <span class='ocrx_word' id='word_1_134' title='bbox 622 1489 707 1512; x_wconf 84' lang='lat' dir='ltr'>cuin</span> <span class='ocrx_word' id='word_1_135' title='bbox 727 1476 766 1512; x_wconf 92' lang='lat' dir='ltr'>in</span> <span class='ocrx_word' id='word_1_136' title='bbox 787 1489 830 1513; x_wconf 92' lang='lat' dir='ltr'>eo</span> <span class='ocrx_word' id='word_1_137' title='bbox 851 1481 950 1514; x_wconf 83' lang='lat' dir='ltr'>esset</span> <span class='ocrx_word' id='word_1_138' title='bbox 970 1482 1013 1513; x_wconf 93' lang='lat' dir='ltr'>ut</span> <span class='ocrx_word' id='word_1_139' title='bbox 1032 1477 1343 1526; x_wconf 86' lang='lat' dir='ltr'>proficisceretur,</span> <span class='ocrx_word' id='word_1_140' title='bbox 1363 1492 1472 1516; x_wconf 68' lang='lat' dir='ltr'>manc</span> 
     </span>
     <span class='ocr_line' id='line_1_20' title="bbox 69 1544 1472 1596; baseline 0.003 -16"><span class='ocrx_word' id='word_1_141' title='bbox 69 1545 280 1592; x_wconf 81' lang='lat' dir='ltr'>experrecti</span> <span class='ocrx_word' id='word_1_142' title='bbox 314 1544 415 1581; x_wconf 84' lang='lat' dir='ltr'>cives</span> <span class='ocrx_word' id='word_1_143' title='bbox 450 1544 625 1589; x_wconf 37' lang='lat' dir='ltr'>Hermas</span> <span class='ocrx_word' id='word_1_144' title='bbox 656 1544 717 1581; x_wconf 91' lang='lat' dir='ltr'>dei</span> <span class='ocrx_word' id='word_1_145' title='bbox 751 1544 895 1582; x_wconf 87' lang='lat' dir='ltr'>scilicet</span> <span class='ocrx_word' id='word_1_146' title='bbox 927 1545 1124 1595; x_wconf 80' lang='lat' dir='ltr'>imagines,</span> <span class='ocrx_word' id='word_1_147' title='bbox 1155 1546 1194 1582; x_wconf 92' lang='lat' dir='ltr'>in</span> <span class='ocrx_word' id='word_1_148' title='bbox 1228 1546 1300 1583; x_wconf 89' lang='lat' dir='ltr'>viis</span> <span class='ocrx_word' id='word_1_149' title='bbox 1332 1548 1472 1596; x_wconf 86' lang='lat' dir='ltr'>passim</span> 
     </span>
     <span class='ocr_line' id='line_1_21' title="bbox 69 1613 1473 1659; baseline 0.003 -10"><span class='ocrx_word' id='word_1_150' title='bbox 69 1613 264 1650; x_wconf 89' lang='lat' dir='ltr'>mutilatas</span> <span class='ocrx_word' id='word_1_151' title='bbox 306 1613 628 1650; x_wconf 86' lang='lat' dir='ltr'>animadvertunt.</span> <span class='ocrx_word' id='word_1_152' title='bbox 688 1613 770 1659; x_wconf 78' lang='lat' dir='ltr'>Quo</span> <span class='ocrx_word' id='word_1_153' title='bbox 807 1613 975 1651; x_wconf 81' lang='lat' dir='ltr'>facinore</span> <span class='ocrx_word' id='word_1_154' title='bbox 1018 1614 1232 1652; x_wconf 87' lang='lat' dir='ltr'>sollicitatis</span> <span class='ocrx_word' id='word_1_155' title='bbox 1273 1615 1473 1653; x_wconf 86' lang='lat' dir='ltr'>hominum</span> 
     </span>
     <span class='ocr_line' id='line_1_22' title="bbox 69 1681 1473 1732; baseline 0.003 -14"><span class='ocrx_word' id='word_1_156' title='bbox 69 1681 272 1727; x_wconf 85' lang='lat' dir='ltr'>mentibus,</span> <span class='ocrx_word' id='word_1_157' title='bbox 303 1681 343 1718; x_wconf 84' lang='lat' dir='ltr'>in</span> <span class='ocrx_word' id='word_1_158' title='bbox 371 1681 497 1718; x_wconf 76' lang='lat' dir='ltr'>forum</span> <span class='ocrx_word' id='word_1_159' title='bbox 526 1681 773 1727; x_wconf 84' lang='lat' dir='ltr'>concurritur,</span> <span class='ocrx_word' id='word_1_160' title='bbox 799 1695 923 1731; x_wconf 87' lang='lat' dir='ltr'>neque</span> <span class='ocrx_word' id='word_1_161' title='bbox 950 1682 1109 1720; x_wconf 88' lang='lat' dir='ltr'>deerant</span> <span class='ocrx_word' id='word_1_162' title='bbox 1137 1684 1204 1732; x_wconf 90' lang='lat' dir='ltr'>qui</span> <span class='ocrx_word' id='word_1_163' title='bbox 1231 1683 1473 1722; x_wconf 87' lang='lat' dir='ltr'>Alcibiadem</span> 
     </span>
     <span class='ocr_line' id='line_1_23' title="bbox 69 1749 1473 1800; baseline 0.003 -14"><span class='ocrx_word' id='word_1_164' title='bbox 69 1750 201 1787; x_wconf 86' lang='lat' dir='ltr'>statim</span> <span class='ocrx_word' id='word_1_165' title='bbox 247 1754 476 1786; x_wconf 87' lang='lat' dir='ltr'>accusarent.</span> <span class='ocrx_word' id='word_1_166' title='bbox 545 1749 662 1786; x_wconf 71' lang='lat' dir='ltr'>illum</span> <span class='ocrx_word' id='word_1_167' title='bbox 703 1763 827 1799; x_wconf 86' lang='lat' dir='ltr'>neque</span> <span class='ocrx_word' id='word_1_168' title='bbox 865 1763 1084 1800; x_wconf 84' lang='lat' dir='ltr'>quenquam</span> <span class='ocrx_word' id='word_1_169' title='bbox 1126 1751 1243 1788; x_wconf 86' lang='lat' dir='ltr'>alium</span> <span class='ocrx_word' id='word_1_170' title='bbox 1285 1753 1473 1791; x_wconf 85' lang='lat' dir='ltr'>eiusmodi</span> 
     </span>
     <span class='ocr_line' id='line_1_24' title="bbox 69 1817 1474 1868; baseline 0.003 -14"><span class='ocrx_word' id='word_1_171' title='bbox 69 1817 220 1854; x_wconf 88' lang='lat' dir='ltr'>sceleris</span> <span class='ocrx_word' id='word_1_172' title='bbox 261 1817 454 1855; x_wconf 88' lang='lat' dir='ltr'>conscium</span> <span class='ocrx_word' id='word_1_173' title='bbox 492 1817 685 1855; x_wconf 84' lang='lat' dir='ltr'>fremunt:</span> <span class='ocrx_word' id='word_1_174' title='bbox 732 1818 779 1855; x_wconf 89' lang='lat' dir='ltr'>de</span> <span class='ocrx_word' id='word_1_175' title='bbox 818 1831 893 1867; x_wconf 89' lang='lat' dir='ltr'>quo</span> <span class='ocrx_word' id='word_1_176' title='bbox 930 1818 1003 1855; x_wconf 88' lang='lat' dir='ltr'>nisi</span> <span class='ocrx_word' id='word_1_177' title='bbox 1046 1819 1241 1868; x_wconf 87' lang='lat' dir='ltr'>extemplo</span> <span class='ocrx_word' id='word_1_178' title='bbox 1279 1826 1474 1858; x_wconf 87' lang='lat' dir='ltr'>sumerent</span> 
     </span>
     <span class='ocr_line' id='line_1_25' title="bbox 68 1885 1473 1936; baseline 0.003 -14"><span class='ocrx_word' id='word_1_179' title='bbox 68 1898 221 1934; x_wconf 87' lang='lat' dir='ltr'>poenas,</span> <span class='ocrx_word' id='word_1_180' title='bbox 243 1885 454 1923; x_wconf 85' lang='lat' dir='ltr'>verendum</span> <span class='ocrx_word' id='word_1_181' title='bbox 474 1899 555 1923; x_wconf 88' lang='lat' dir='ltr'>esse</span> <span class='ocrx_word' id='word_1_182' title='bbox 575 1899 622 1923; x_wconf 90' lang='lat' dir='ltr'>ne</span> <span class='ocrx_word' id='word_1_183' title='bbox 642 1886 747 1923; x_wconf 89' lang='lat' dir='ltr'>Deus</span> <span class='ocrx_word' id='word_1_184' title='bbox 767 1886 807 1923; x_wconf 89' lang='lat' dir='ltr'>in</span> <span class='ocrx_word' id='word_1_185' title='bbox 827 1900 865 1923; x_wconf 90' lang='lat' dir='ltr'>se</span> <span class='ocrx_word' id='word_1_186' title='bbox 885 1892 1069 1936; x_wconf 85' lang='lat' dir='ltr'>tanquam</span> <span class='ocrx_word' id='word_1_187' title='bbox 1098 1887 1276 1925; x_wconf 82' lang='lat' dir='ltr'>facinoris</span> <span class='ocrx_word' id='word_1_188' title='bbox 1303 1889 1473 1927; x_wconf 87' lang='lat' dir='ltr'>conscios</span> 
     </span>
     <span class='ocr_line' id='line_1_26' title="bbox 69 1954 1472 2006; baseline 0.003 -15"><span class='ocrx_word' id='word_1_189' title='bbox 69 1954 144 1992; x_wconf 88' lang='lat' dir='ltr'>iras</span> <span class='ocrx_word' id='word_1_190' title='bbox 177 1960 354 1992; x_wconf 84' lang='lat' dir='ltr'>verteret.</span> <span class='ocrx_word' id='word_1_191' title='bbox 413 1955 476 1992; x_wconf 91' lang='lat' dir='ltr'>An</span> <span class='ocrx_word' id='word_1_192' title='bbox 510 1955 549 1991; x_wconf 88' lang='lat' dir='ltr'>id</span> <span class='ocrx_word' id='word_1_193' title='bbox 583 1955 684 1992; x_wconf 84' lang='lat' dir='ltr'>cives</span> <span class='ocrx_word' id='word_1_194' title='bbox 714 1955 859 1992; x_wconf 89' lang='lat' dir='ltr'>laturos</span> <span class='ocrx_word' id='word_1_195' title='bbox 892 1960 936 1992; x_wconf 90' lang='lat' dir='ltr'>ut</span> <span class='ocrx_word' id='word_1_196' title='bbox 974 1956 1189 2005; x_wconf 87' lang='lat' dir='ltr'>optimates,</span> <span class='ocrx_word' id='word_1_197' title='bbox 1225 1962 1263 1993; x_wconf 89' lang='lat' dir='ltr'>et</span> <span class='ocrx_word' id='word_1_198' title='bbox 1295 1957 1472 2006; x_wconf 89' lang='lat' dir='ltr'>inprimis</span> 
     </span>
     <span class='ocr_line' id='line_1_27' title="bbox 69 2023 1472 2076; baseline 0.003 -16"><span class='ocrx_word' id='word_1_199' title='bbox 69 2023 301 2070; x_wconf 88' lang='lat' dir='ltr'>Alcibiades,</span> <span class='ocrx_word' id='word_1_200' title='bbox 340 2037 362 2061; x_wconf 87' lang='lat' dir='ltr'>a</span> <span class='ocrx_word' id='word_1_201' title='bbox 398 2024 579 2073; x_wconf 83' lang='lat' dir='ltr'>sacrilego</span> <span class='ocrx_word' id='word_1_202' title='bbox 616 2024 782 2061; x_wconf 87' lang='lat' dir='ltr'>facinore</span> <span class='ocrx_word' id='word_1_203' title='bbox 819 2024 895 2061; x_wconf 90' lang='lat' dir='ltr'>orsi</span> <span class='ocrx_word' id='word_1_204' title='bbox 932 2025 1045 2062; x_wconf 86' lang='lat' dir='ltr'>rebus</span> <span class='ocrx_word' id='word_1_205' title='bbox 1087 2025 1275 2062; x_wconf 88' lang='lat' dir='ltr'>novandis</span> <span class='ocrx_word' id='word_1_206' title='bbox 1317 2026 1472 2076; x_wconf 89' lang='lat' dir='ltr'>impune</span> 
     </span>
     <span class='ocr_line' id='line_1_28' title="bbox 70 2092 1473 2141; baseline 0.003 -13"><span class='ocrx_word' id='word_1_207' title='bbox 70 2092 295 2129; x_wconf 67' lang='lat' dir='ltr'>studerentz</span> <span class='ocrx_word' id='word_1_208' title='bbox 352 2092 498 2138; x_wconf 80' lang='lat' dir='ltr'>Quibus</span> <span class='ocrx_word' id='word_1_209' title='bbox 540 2105 625 2128; x_wconf 90' lang='lat' dir='ltr'>cum</span> <span class='ocrx_word' id='word_1_210' title='bbox 666 2092 926 2141; x_wconf 83' lang='lat' dir='ltr'>respondisset</span> <span class='ocrx_word' id='word_1_211' title='bbox 967 2092 1209 2130; x_wconf 89' lang='lat' dir='ltr'>Alcibiades:</span> <span class='ocrx_word' id='word_1_212' title='bbox 1256 2093 1358 2131; x_wconf 87' lang='lat' dir='ltr'>diem</span> <span class='ocrx_word' id='word_1_213' title='bbox 1400 2095 1473 2133; x_wconf 85' lang='lat' dir='ltr'>sibi</span> 
     </span>
     <span class='ocr_line' id='line_1_29' title="bbox 69 2159 1472 2212; baseline 0.004 -16"><span class='ocrx_word' id='word_1_214' title='bbox 69 2159 262 2207; x_wconf 74' lang='lat' dir='ltr'>dicerent3</span> <span class='ocrx_word' id='word_1_215' title='bbox 301 2166 367 2197; x_wconf 90' lang='lat' dir='ltr'>aut</span> <span class='ocrx_word' id='word_1_216' title='bbox 403 2161 561 2197; x_wconf 81' lang='lat' dir='ltr'>noxium</span> <span class='ocrx_word' id='word_1_217' title='bbox 599 2160 836 2209; x_wconf 90' lang='lat' dir='ltr'>puniendum</span> <span class='ocrx_word' id='word_1_218' title='bbox 874 2166 941 2198; x_wconf 88' lang='lat' dir='ltr'>aut</span> <span class='ocrx_word' id='word_1_219' title='bbox 978 2161 1222 2198; x_wconf 88' lang='lat' dir='ltr'>innocentem</span> <span class='ocrx_word' id='word_1_220' title='bbox 1259 2163 1472 2212; x_wconf 87' lang='lat' dir='ltr'>suspicione</span> 
     </span>
     <span class='ocr_line' id='line_1_30' title="bbox 69 2228 1473 2275; baseline 0.004 -10"><span class='ocrx_word' id='word_1_221' title='bbox 69 2228 309 2266; x_wconf 88' lang='lat' dir='ltr'>liberandum</span> <span class='ocrx_word' id='word_1_222' title='bbox 347 2242 437 2275; x_wconf 87' lang='lat' dir='ltr'>esse,</span> <span class='ocrx_word' id='word_1_223' title='bbox 469 2229 613 2266; x_wconf 85' lang='lat' dir='ltr'>inimici</span> <span class='ocrx_word' id='word_1_224' title='bbox 642 2243 685 2267; x_wconf 90' lang='lat' dir='ltr'>eo</span> <span class='ocrx_word' id='word_1_225' title='bbox 725 2230 882 2267; x_wconf 83' lang='lat' dir='ltr'>consilio</span> <span class='ocrx_word' id='word_1_226' title='bbox 916 2243 996 2267; x_wconf 89' lang='lat' dir='ltr'>rem</span> <span class='ocrx_word' id='word_1_227' title='bbox 1034 2230 1219 2268; x_wconf 85' lang='lat' dir='ltr'>differunt</span> <span class='ocrx_word' id='word_1_228' title='bbox 1255 2236 1299 2268; x_wconf 89' lang='lat' dir='ltr'>ut</span> <span class='ocrx_word' id='word_1_229' title='bbox 1337 2233 1473 2271; x_wconf 84' lang='lat' dir='ltr'>absens</span> 
     </span>
     <span class='ocr_line' id='line_1_31' title="bbox 70 2298 294 2335; baseline 0.009 -2"><span class='ocrx_word' id='word_1_230' title='bbox 70 2309 157 2334; x_wconf 86' lang='lat' dir='ltr'>reus</span> <span class='ocrx_word' id='word_1_231' title='bbox 177 2298 294 2335; x_wconf 87' lang='lat' dir='ltr'>fieret.</span> 
     </span>
    </p>
   </div>
  </div>
 </body>
</html>
