1559 2463
93 63 141 106 64
316 61 550 97 SECOND
577 61 770 96 LATJN
789 60 1068 98 READING
1095 61 1265 98 BOOK.
1306 57 1425 110 [PART
1447 71 1487 97 11.

87 167 262 205 Clamore
295 167 445 204 sublato
474 168 611 205 Persae
640 168 786 204 instant
814 167 991 204 coniectis
1021 167 1167 204 eminus
1195 167 1292 205 telis.
1349 166 1485 216 Neque

87 241 216 273 tamen
237 235 415 272 dimicare
436 235 630 273 audebant
651 235 785 273 Graeci
800 250 810 282 3
838 236 954 273 moris
974 235 1076 272 enim
1095 240 1176 273 erat
1195 239 1238 272 ut
1264 235 1486 285 priusquam

87 317 222 342 manus
243 308 485 341 consererent
504 304 618 341 sacris
646 304 757 341 factis
777 307 1043 353 exspectarem
1062 304 1181 341 donec
1200 304 1354 341 litatum
1374 308 1482 342 esset.

87 373 185 410 Cum
214 386 304 410 vero
337 373 466 410 omina
497 373 598 410 mala
634 377 760 410 essent
790 373 998 410 Pausanias
1036 373 1186 422 signum
1214 386 1363 422 pugnae
1395 373 1486 410 dare

87 442 252 488 nolebat,
274 455 397 491 neque
417 441 583 479 multum
607 442 730 479 abfuit
750 442 841 491 quin
863 441 998 479 Graeci
1018 442 1220 491 desperata
1237 455 1277 479 re
1297 442 1337 479 in
1356 441 1486 491 fugam

87 524 124 547 se
158 510 382 559 reciperent.
451 510 575 547 Sacris
608 514 735 547 autem
766 510 906 547 iterum
938 510 1050 547 factis
1082 510 1237 547 litatum
1273 514 1351 547 est:
1395 510 1487 547 socii

86 579 288 617 confestim
308 584 346 616 et
367 579 440 628 ipsi
469 579 674 616 clamorem
702 578 856 624 tollunt,
880 579 1022 616 strictis
1050 579 1189 629 gladiis
1206 592 1288 616 rem
1316 578 1488 616 cominus

85 651 232 697 gerunt.
290 646 413 684 Fusus
450 647 573 684 hostis
610 646 838 696 fugatusque
884 651 963 683 est:
1011 647 1130 696 captis
1168 660 1317 696 quoque
1354 647 1486 684 castris

86 716 209 753 victor
239 715 449 752 Pausanias
478 715 624 764 potitus
657 714 844 752 decimam
872 714 931 751 dis
960 715 1078 761 vovit,
1109 715 1294 764 reliquam
1326 715 1487 764 praedae

86 788 235 832 partem
251 783 360 820 sociis
373 783 515 821 divisit.
574 782 638 819 Fit
658 782 791 820 caedes
806 783 1046 832 fugientium,
1065 796 1188 832 neque
1204 783 1289 820 finis
1304 783 1486 832 sequendi

87 852 161 890 fuit
181 852 301 890 donec
322 852 460 889 Persae
480 851 528 889 ad
548 864 668 888 unum
688 864 818 888 omnes
839 852 936 889 caesi
956 852 1104 901 captive
1125 856 1224 890 sunt.

374 1027 485 1062 lenia
504 1026 685 1062 delivered
687 1026 795 1072 from
817 1026 874 1061 the
893 1027 1053 1062 Persian
1086 1027 1184 1062 Yake.

144 1118 577 1168 133.—Reputantibus
597 1122 725 1155 autem
741 1130 814 1166 quo
831 1117 966 1155 Graeci
985 1117 1099 1155 modo
1115 1131 1162 1155 ex
1181 1131 1220 1155 re
1236 1122 1315 1155 tam
1331 1117 1488 1167 ancipiti

89 1189 250 1225 victores
265 1187 468 1233 evaserint,
484 1186 680 1224 videbitur
699 1186 789 1223 deos
809 1186 1042 1224 immortales
1058 1186 1212 1224 Graecis
1231 1186 1379 1224 favisse.
1436 1185 1487 1223 Et

87 1257 194 1295 velut
214 1256 361 1294 Xerxes
380 1255 553 1293 nondum
573 1255 664 1292 satis
690 1254 913 1292 detrimenti
933 1255 1146 1304 accepisset,
1169 1255 1268 1292 forte
1288 1254 1426 1292 accidit
1443 1261 1487 1291 ut

88 1327 222 1365 eodem
241 1326 302 1363 die
324 1339 397 1375 quo
421 1325 667 1362 Mardonium
687 1325 779 1361 vicit
807 1324 1024 1372 Pausanias,
1047 1324 1190 1374 proelio
1219 1324 1347 1362 navali
1375 1324 1486 1362 simul

89 1400 127 1433 et
157 1395 328 1432 terrestri
360 1393 409 1431 ad
440 1393 630 1443 Mycalen,
667 1393 769 1442 quod
804 1393 987 1443 oppidum
1017 1393 1121 1430 haud
1158 1392 1288 1442 procul
1319 1393 1436 1431 distat
1466 1407 1487 1432 a

88 1463 235 1510 Mileto,
258 1463 395 1500 Persae
418 1462 558 1499 iterum
587 1462 839 1500 vincerentur.
897 1462 998 1500 Nam
1026 1475 1111 1500 cum
1140 1462 1277 1500 Persae
1296 1463 1336 1500 in
1355 1464 1487 1501 Asiam

87 1531 291 1569 rediissent
331 1531 505 1580 sequenti
547 1530 778 1568 Graecorum
811 1530 937 1577 classe,
972 1531 1051 1568 dux
1084 1531 1286 1569 Persarum
1318 1544 1486 1582 pugnare

87 1600 233 1646 nolens,
254 1600 415 1637 navibus
435 1599 474 1636 in
495 1599 645 1636 aridum
665 1599 863 1636 subductis
884 1600 1080 1648 expositos
1100 1612 1186 1637 suos
1200 1613 1285 1637 cum
1303 1601 1488 1638 terrestri-

88 1669 158 1706 bus
179 1669 306 1718 copiis,
329 1682 424 1718 quae
446 1668 589 1705 auxilio
619 1668 867 1714 advenerant,
889 1668 1095 1706 coniunxit.
1172 1668 1326 1706 Instant
1353 1669 1487 1706 nihilo-

88 1738 214 1774 minus
245 1737 379 1774 Graeci
394 1753 404 1784 ,-
442 1737 553 1773 victis
584 1736 759 1773 hostibus
789 1736 946 1774 classem
983 1737 1069 1787 igne
1107 1742 1357 1774 concremant.
1432 1738 1487 1775 Ea

88 1806 247 1843 victoria
279 1804 512 1842 debellatum
545 1809 612 1851 est,
648 1817 770 1853 neque
804 1818 872 1842 rex
901 1805 1045 1842 diutius
1078 1805 1235 1842 Ionibus
1267 1806 1485 1855 imperitare

89 1874 263 1912 audebat.
323 1874 457 1922 Itaque
478 1873 609 1910 Ioniae
630 1873 744 1910 urbes
763 1877 822 1910 tot
842 1886 961 1910 annos
980 1873 1079 1911 bello
1108 1879 1147 1911 et
1174 1874 1353 1912 caedibus
1376 1874 1486 1912 laces-

88 1944 182 1981 sitae
201 1943 267 1981 ubi
287 1941 491 1992 aliquando
507 1941 790 1990 requieverunt,
808 1941 915 1979 brevi
931 1941 1086 1979 amissas
1102 1955 1191 1992 opes
1210 1942 1485 1992 pristinamque

87 2012 300 2062 potentiam
319 2015 599 2060 recuperarunt.

349 2170 442 2216 ley
468 2169 595 2207 Greece
614 2180 694 2205 was
712 2169 790 2205 able
808 2172 842 2205 to
862 2170 960 2216 repel
975 2170 1035 2205 tlte
1051 2170 1224 2206 Invader.

144 2261 346 2302 134.—1d
374 2261 534 2298 fortasse
555 2265 712 2309 quaeret
733 2260 935 2309 quispiam,
956 2273 1030 2309 quo
1058 2266 1169 2310 pacto
1197 2262 1333 2300 Graeci
1361 2262 1486 2300 Persis

84 2332 259 2370 resistere
284 2329 490 2379 potuerint.
548 2328 750 2365 Attentius
779 2333 904 2365 autem
936 2328 1191 2366 consideranti
1218 2329 1380 2379 liquebit
1406 2331 1485 2368 eius
