1559 2463
76 78 178 102 PART
200 64 242 116 1.]
489 65 754 102 HJSTORY
779 65 855 101 OF
875 64 1059 102 ROME.
1449 76 1471 109 9

572 174 611 209 T
605 174 648 209 he
666 173 788 209 Rz'val
803 173 972 208 Leadcrs.

129 265 428 304 18.-—Dictator
463 264 693 310 Postumius,
729 268 934 313 postquam
968 262 1147 300 cecidisse
1185 262 1304 300 talem
1336 262 1473 308 virum,

72 333 222 370 exsules
251 333 428 370 ferociter
464 332 581 370 citato
617 331 768 381 agmine
805 330 947 377 invehi,
981 343 1069 368 suos
1109 330 1300 380 perculsos
1342 329 1475 367 cedere

72 401 367 449 animadvertit;
396 401 544 439 cohorti
563 414 651 438 suae
672 400 740 438 dat
759 400 922 450 signum,
943 405 987 437 ut
1015 412 1129 449 quem
1157 412 1312 437 suorum
1330 398 1475 449 fugien-

73 475 151 506 tem
170 470 348 516 viderint,
371 482 439 518 pro
459 469 568 506 hoste
588 468 765 506 habeant.
823 468 886 505 Ita
913 471 1019 504 metu
1039 466 1198 516 ancipiti
1226 467 1326 504 versi
1346 480 1368 504 a
1384 466 1475 516 fuga

72 538 236 575 Romani
268 538 307 575 in
340 538 501 584 hostem,
536 542 574 574 et
605 536 784 574 restituta
815 536 924 573 acies.
982 535 1127 574 Cohors
1160 535 1358 573 dictatoris
1391 540 1475 572 tum

70 605 237 655 primum
272 605 459 655 proelium
496 605 605 642 iniit:
647 605 808 655 integris
845 603 1066 653 corporibus
1107 603 1319 653 animisque
1355 603 1475 641 fessos

71 673 197 711 adorti
225 673 374 711 exsules
407 672 579 711 caedunt.
639 672 699 710 Ibi
729 672 803 710 alia
836 672 937 709 inter
964 684 1138 721 proceres
1172 676 1302 709 coorta
1334 684 1470 721 pugna.

71 742 286 791 Imperator
312 742 487 788 Latinus,
507 742 574 779 ubi
602 741 799 779 cohortem
827 740 1003 778 exsulum
1033 754 1054 778 a
1084 740 1271 777 dictatore
1299 740 1474 778 Romano

70 824 187 860 prope
216 811 510 848 circumventam
534 810 644 856 vidit,
675 823 722 848 ex
751 809 988 847 subsidiariis
1016 809 1232 858 manipulos
1261 809 1409 858 aliquot
1435 809 1474 846 in

70 880 232 928 primam
251 880 370 917 aciem
390 893 517 916 secum
536 879 646 928 rapit.
693 878 776 915 Hos
796 878 946 928 agmine
966 878 1166 915 venientes
1187 877 1228 914 T.
1248 877 1474 914 Herminius

69 948 216 997 legatus
245 949 494 997 conspicatus,
516 948 692 996 interque
712 960 775 984 eos
795 947 984 996 insignem
1004 951 1110 984 veste
1130 946 1320 996 armisque
1340 946 1475 983 Mami-

69 1017 163 1054 lium
182 1018 385 1063 noscitans,
407 1023 518 1055 tanta
545 1017 584 1054 vi
610 1031 696 1054 cum
724 1017 895 1055 hostium
923 1017 1019 1054 duce
1044 1017 1232 1067 proelium
1260 1017 1347 1054 iniit
1372 1021 1416 1054 ut
1436 1021 1474 1054 et

69 1099 144 1123 uno
176 1086 254 1123 ictu
288 1087 469 1124 occiderit
500 1086 729 1133 Mamilium,
759 1091 798 1123 et
830 1086 910 1136 ipse
939 1086 1039 1123 inter
1067 1085 1310 1135 spoliandum
1338 1099 1474 1135 corpus

68 1154 189 1192 hostis
226 1160 361 1193 veruto
399 1168 608 1205 percussus,
649 1168 734 1192 cum
772 1155 895 1193 victor
936 1155 975 1192 in
1013 1160 1136 1193 castra
1173 1161 1273 1192 esset
1317 1154 1470 1200 relatus,

69 1223 330 1272 exspiraverit.

546 1351 684 1397 Deseczf
699 1350 743 1397 (gf
756 1351 814 1386 tlze
831 1352 986 1397 Enemy.

123 1433 344 1473 19.—Tum
369 1433 417 1470 ad
442 1433 588 1482 equites
609 1433 775 1471 dictator
794 1433 961 1480 advolat,
983 1433 1181 1471 obtestans
1201 1438 1254 1480 ut,
1276 1434 1376 1471 fesso
1395 1433 1471 1471 iam

66 1502 206 1551 pedite,
224 1502 458 1540 descendant
478 1515 526 1539 ex
542 1502 648 1551 equis
664 1508 702 1540 et
716 1516 884 1552 pugnam
900 1507 1107 1552 capessant.
1158 1502 1273 1539 Dicto
1288 1515 1447 1552 paruere
1465 1518 1471 1540 :

66 1571 248 1608 desiliunt
278 1584 325 1608 ex
355 1570 469 1619 equis.
530 1570 683 1619 Recipit
714 1570 909 1619 extemplo
940 1570 1110 1607 animum
1142 1570 1330 1619 pedestris
1360 1570 1469 1616 acies,

65 1644 269 1689 postquam
310 1639 523 1676 iuventutis
564 1652 738 1688 proceres
779 1644 942 1688 aequato
978 1652 1116 1689 genere
1152 1652 1304 1688 pugnae
1342 1651 1469 1676 secum

64 1713 213 1757 partem
233 1707 391 1757 periculi
415 1707 646 1744 sustinentes
665 1707 773 1744 vidit.
833 1707 932 1744 Tum
961 1707 1116 1744 demum
1144 1707 1299 1756 impulsi
1327 1707 1468 1753 Latini,

63 1777 310 1826 perculsaque
343 1775 542 1812 inclinavit
574 1776 679 1814 acies.
740 1776 871 1825 Equiti
904 1776 1051 1814 admoti
1084 1777 1183 1825 equi,
1217 1781 1260 1813 ut
1293 1776 1470 1825 persequi

63 1846 214 1883 hostem
241 1849 392 1895 posset:
422 1850 551 1882 secuta
579 1850 618 1882 et
645 1845 832 1894 pedestris
861 1846 968 1884 acies.
1028 1845 1088 1883 Ibi
1107 1845 1204 1882 nihil
1227 1858 1295 1882 nec
1315 1845 1468 1883 divinae

63 1929 132 1953 nec
151 1915 340 1952 humanae
360 1914 442 1963 opis
466 1914 631 1953 dictator
650 1914 962 1964 praetermittens
988 1914 1122 1952 aedem
1147 1914 1299 1952 Castori
1319 1915 1467 1952 vovisse

62 1985 205 2022 fertur:
234 1997 276 2021 ac
295 1984 562 2033 pronuntiasse
582 1984 697 2022 militi
716 1984 894 2034 praemia,
918 1984 983 2033 qui
1002 1984 1160 2033 primus,
1181 1984 1246 2033 qui
1266 1984 1466 2031 secundus,

63 2058 185 2092 castra
204 2052 374 2090 hostium
393 2052 574 2091 intrasset
590 2069 596 2091 ε
625 2058 832 2103 tantusque
852 2052 966 2091 ardor
984 2053 1071 2099 fuit,
1091 2058 1135 2090 ut
1154 2053 1289 2091 eodem
1308 2053 1464 2103 impetU‚

62 2135 137 2172 quo
167 2121 347 2159 fuderant
376 2121 538 2168 hostem,
562 2122 728 2160 Romani
758 2128 882 2161 castra
911 2127 1098 2171 caperent.
1159 2122 1243 2159 Hoc
1273 2122 1387 2160 modo
1418 2122 1467 2159 ad

62 2192 186 2229 lacum
206 2191 398 2241 Regillum
417 2197 630 2241 pugnatum
651 2198 716 2230 est.
771 2192 943 2230 Narrant
962 2192 1078 2229 etiam
1098 2197 1247 2230 veteres
1267 2192 1466 2229 Castorem

62 2273 148 2297 cum
186 2260 303 2298 fratre
338 2273 447 2309 opem
484 2261 668 2298 Romanis
705 2261 838 2299 tulisse
872 2267 910 2299 et
943 2262 1044 2298 inter
1076 2262 1266 2311 principes
1299 2275 1466 2312 pugnam

62 2330 203 2367 civisse.
