<?xml version="1.0" encoding="UTF-8"?>
<!DOCTYPE html PUBLIC "-//W3C//DTD XHTML 1.0 Transitional//EN"
    "http://www.w3.org/TR/xhtml1/DTD/xhtml1-transitional.dtd">
<html xmlns="http://www.w3.org/1999/xhtml" xml:lang="en" lang="en">
 <head>
  <title>
</title>
<meta http-equiv="Content-Type" content="text/html;charset=utf-8" />
  <meta name='ocr-system' content='tesseract 3.04.00' />
  <meta name='ocr-capabilities' content='ocr_page ocr_carea ocr_par ocr_line ocrx_word'/>
</head>
<body>
  <div class='ocr_page' id='page_1' title='image "./secondlatinreadi00benn_0032.png"; bbox 0 0 1559 2463; ppageno 0'>
   <div class='ocr_carea' id='block_1_1' title="bbox 99 89 1487 141">
    <p class='ocr_par' dir='ltr' id='par_1_1' title="bbox 99 89 1487 141">
     <span class='ocr_line' id='line_1_1' title="bbox 99 89 1487 141; baseline 0.002 -17"><span class='ocrx_word' id='word_1_1' title='bbox 99 103 139 134; x_wconf 74' lang='lat'>14</span> <span class='ocrx_word' id='word_1_2' title='bbox 318 90 554 127; x_wconf 80' lang='lat' dir='ltr'><em>SECOND</em></span> <span class='ocrx_word' id='word_1_3' title='bbox 583 91 654 125; x_wconf 77' lang='lat' dir='ltr'>LA</span> <span class='ocrx_word' id='word_1_4' title='bbox 666 90 767 125; x_wconf 79' lang='lat' dir='ltr'>TIN</span> <span class='ocrx_word' id='word_1_5' title='bbox 791 90 1071 128; x_wconf 76' lang='lat' dir='ltr'><em>READJNG</em></span> <span class='ocrx_word' id='word_1_6' title='bbox 1102 91 1268 128; x_wconf 81' lang='lat' dir='ltr'>BOOK.</span> <span class='ocrx_word' id='word_1_7' title='bbox 1322 103 1423 127; x_wconf 81' lang='lat' dir='ltr'><strong>PART</strong></span> <span class='ocrx_word' id='word_1_8' title='bbox 1446 89 1487 141; x_wconf 89' lang='lat'>1.]</span> 
     </span>
    </p>
   </div>
   <div class='ocr_carea' id='block_1_2' title="bbox 90 196 1492 655">
    <p class='ocr_par' dir='ltr' id='par_1_2' title="bbox 90 196 1492 655">
     <span class='ocr_line' id='line_1_2' title="bbox 92 196 1490 246; baseline 0.001 -12"><span class='ocrx_word' id='word_1_9' title='bbox 92 196 274 246; x_wconf 80' lang='lat' dir='ltr'>confugit.</span> <span class='ocrx_word' id='word_1_10' title='bbox 332 197 472 234; x_wconf 87' lang='lat' dir='ltr'>Postea</span> <span class='ocrx_word' id='word_1_11' title='bbox 491 210 512 233; x_wconf 89' lang='lat' dir='ltr'>a</span> <span class='ocrx_word' id='word_1_12' title='bbox 531 196 679 233; x_wconf 81' lang='lat' dir='ltr'>Volscis</span> <span class='ocrx_word' id='word_1_13' title='bbox 709 196 918 245; x_wconf 87' lang='lat' dir='ltr'>imperator</span> <span class='ocrx_word' id='word_1_14' title='bbox 941 197 1075 243; x_wconf 86' lang='lat' dir='ltr'>factus,</span> <span class='ocrx_word' id='word_1_15' title='bbox 1096 210 1182 235; x_wconf 90' lang='lat' dir='ltr'>cum</span> <span class='ocrx_word' id='word_1_16' title='bbox 1201 198 1296 235; x_wconf 87' lang='lat' dir='ltr'>fines</span> <span class='ocrx_word' id='word_1_17' title='bbox 1325 198 1490 236; x_wconf 83' lang='lat' dir='ltr'>Roman-</span> 
     </span>
     <span class='ocr_line' id='line_1_3' title="bbox 92 263 1490 315; baseline 0.002 -14"><span class='ocrx_word' id='word_1_18' title='bbox 92 277 201 301; x_wconf 92' lang='lat' dir='ltr'>orum</span> <span class='ocrx_word' id='word_1_19' title='bbox 219 264 426 314; x_wconf 84' lang='lat' dir='ltr'>populatus</span> <span class='ocrx_word' id='word_1_20' title='bbox 446 269 555 310; x_wconf 88' lang='lat' dir='ltr'>esset,</span> <span class='ocrx_word' id='word_1_21' title='bbox 576 263 680 301; x_wconf 86' lang='lat' dir='ltr'>haud</span> <span class='ocrx_word' id='word_1_22' title='bbox 708 264 840 313; x_wconf 87' lang='lat' dir='ltr'>procul</span> <span class='ocrx_word' id='word_1_23' title='bbox 859 264 908 301; x_wconf 86' lang='lat' dir='ltr'>ab</span> <span class='ocrx_word' id='word_1_24' title='bbox 926 265 1020 302; x_wconf 88' lang='lat' dir='ltr'>urbe</span> <span class='ocrx_word' id='word_1_25' title='bbox 1039 269 1163 302; x_wconf 86' lang='lat' dir='ltr'>castra</span> <span class='ocrx_word' id='word_1_26' title='bbox 1182 266 1318 315; x_wconf 89' lang='lat' dir='ltr'>posuit.</span> <span class='ocrx_word' id='word_1_27' title='bbox 1377 266 1490 304; x_wconf 89' lang='lat' dir='ltr'>Cives</span> 
     </span>
     <span class='ocr_line' id='line_1_4' title="bbox 91 331 1491 382; baseline 0.001 -13"><span class='ocrx_word' id='word_1_28' title='bbox 91 337 197 370; x_wconf 89' lang='lat' dir='ltr'>metu</span> <span class='ocrx_word' id='word_1_29' title='bbox 215 332 379 382; x_wconf 90' lang='lat' dir='ltr'>perculsi</span> <span class='ocrx_word' id='word_1_30' title='bbox 398 337 566 370; x_wconf 86' lang='lat' dir='ltr'>oratores</span> <span class='ocrx_word' id='word_1_31' title='bbox 595 331 643 369; x_wconf 85' lang='lat' dir='ltr'>ad</span> <span class='ocrx_word' id='word_1_32' title='bbox 669 344 756 369; x_wconf 91' lang='lat' dir='ltr'>eum</span> <span class='ocrx_word' id='word_1_33' title='bbox 782 332 829 369; x_wconf 91' lang='lat' dir='ltr'>de</span> <span class='ocrx_word' id='word_1_34' title='bbox 862 345 952 381; x_wconf 88' lang='lat' dir='ltr'>pace</span> <span class='ocrx_word' id='word_1_35' title='bbox 982 333 1178 371; x_wconf 87' lang='lat' dir='ltr'>miserunt.</span> <span class='ocrx_word' id='word_1_36' title='bbox 1237 333 1311 380; x_wconf 78' lang='lat' dir='ltr'>Qui</span> <span class='ocrx_word' id='word_1_37' title='bbox 1340 347 1425 372; x_wconf 89' lang='lat' dir='ltr'>cum</span> <span class='ocrx_word' id='word_1_38' title='bbox 1451 347 1491 371; x_wconf 89' lang='lat' dir='ltr'>re</span> 
     </span>
     <span class='ocr_line' id='line_1_5' title="bbox 90 400 1491 450; baseline 0.001 -13"><span class='ocrx_word' id='word_1_39' title='bbox 90 400 231 438; x_wconf 87' lang='lat' dir='ltr'>infecta</span> <span class='ocrx_word' id='word_1_40' title='bbox 248 400 462 447; x_wconf 85' lang='lat' dir='ltr'>rediissent,</span> <span class='ocrx_word' id='word_1_41' title='bbox 481 400 695 438; x_wconf 74' lang='lat' dir='ltr'>sacerdotes</span> <span class='ocrx_word' id='word_1_42' title='bbox 710 413 860 449; x_wconf 86' lang='lat' dir='ltr'>quoque</span> <span class='ocrx_word' id='word_1_43' title='bbox 876 400 1019 438; x_wconf 84' lang='lat' dir='ltr'>frustra</span> <span class='ocrx_word' id='word_1_44' title='bbox 1033 414 1164 450; x_wconf 89' lang='lat' dir='ltr'>pacem</span> <span class='ocrx_word' id='word_1_45' title='bbox 1183 401 1335 450; x_wconf 86' lang='lat' dir='ltr'>petiere.</span> <span class='ocrx_word' id='word_1_46' title='bbox 1393 401 1491 438; x_wconf 90' lang='lat' dir='ltr'>Tum</span> 
     </span>
     <span class='ocr_line' id='line_1_6' title="bbox 91 467 1491 507; baseline 0.001 -2"><span class='ocrx_word' id='word_1_47' title='bbox 91 468 252 506; x_wconf 87' lang='lat' dir='ltr'>Veturia</span> <span class='ocrx_word' id='word_1_48' title='bbox 270 469 350 506; x_wconf 91' lang='lat' dir='ltr'>eius</span> <span class='ocrx_word' id='word_1_49' title='bbox 369 472 492 505; x_wconf 87' lang='lat' dir='ltr'>mater</span> <span class='ocrx_word' id='word_1_50' title='bbox 511 473 549 505; x_wconf 86' lang='lat' dir='ltr'>et</span> <span class='ocrx_word' id='word_1_51' title='bbox 567 467 774 505; x_wconf 86' lang='lat' dir='ltr'>Volumnia</span> <span class='ocrx_word' id='word_1_52' title='bbox 801 481 899 505; x_wconf 87' lang='lat' dir='ltr'>uxor</span> <span class='ocrx_word' id='word_1_53' title='bbox 918 481 1004 505; x_wconf 89' lang='lat' dir='ltr'>cum</span> <span class='ocrx_word' id='word_1_54' title='bbox 1023 468 1153 506; x_wconf 87' lang='lat' dir='ltr'>liberis</span> <span class='ocrx_word' id='word_1_55' title='bbox 1172 473 1295 506; x_wconf 86' lang='lat' dir='ltr'>castra</span> <span class='ocrx_word' id='word_1_56' title='bbox 1322 469 1491 507; x_wconf 86' lang='lat' dir='ltr'>hostium</span> 
     </span>
     <span class='ocr_line' id='line_1_7' title="bbox 91 536 1492 585; baseline 0.001 -12"><span class='ocrx_word' id='word_1_57' title='bbox 91 536 227 574; x_wconf 80' lang='lat' dir='ltr'>adiere.</span> <span class='ocrx_word' id='word_1_58' title='bbox 287 536 456 583; x_wconf 76' lang='lat' dir='ltr'>Quarum</span> <span class='ocrx_word' id='word_1_59' title='bbox 476 536 651 585; x_wconf 77' lang='lat' dir='ltr'>precibus</span> <span class='ocrx_word' id='word_1_60' title='bbox 678 536 803 573; x_wconf 87' lang='lat' dir='ltr'>victus</span> <span class='ocrx_word' id='word_1_61' title='bbox 831 536 1057 573; x_wconf 82' lang='lat' dir='ltr'>Coriolanus</span> <span class='ocrx_word' id='word_1_62' title='bbox 1086 537 1297 574; x_wconf 81' lang='lat' dir='ltr'>exercitum</span> <span class='ocrx_word' id='word_1_63' title='bbox 1329 537 1492 575; x_wconf 83' lang='lat' dir='ltr'>abduxit</span> 
     </span>
     <span class='ocr_line' id='line_1_8' title="bbox 92 604 1072 655; baseline 0.002 -14"><span class='ocrx_word' id='word_1_64' title='bbox 92 617 214 654; x_wconf 88' lang='lat' dir='ltr'>neque</span> <span class='ocrx_word' id='word_1_65' title='bbox 235 605 289 643; x_wconf 89' lang='lat' dir='ltr'>ita</span> <span class='ocrx_word' id='word_1_66' title='bbox 306 605 429 643; x_wconf 89' lang='lat' dir='ltr'>multo</span> <span class='ocrx_word' id='word_1_67' title='bbox 447 610 535 655; x_wconf 86' lang='lat' dir='ltr'>post</span> <span class='ocrx_word' id='word_1_68' title='bbox 554 618 575 642; x_wconf 90' lang='lat' dir='ltr'>a</span> <span class='ocrx_word' id='word_1_69' title='bbox 594 605 743 642; x_wconf 78' lang='lat' dir='ltr'>Volscis</span> <span class='ocrx_word' id='word_1_70' title='bbox 762 604 986 642; x_wconf 87' lang='lat' dir='ltr'>interfectus</span> <span class='ocrx_word' id='word_1_71' title='bbox 1006 610 1072 643; x_wconf 90' lang='lat' dir='ltr'>est.</span> 
     </span>
    </p>
   </div>
   <div class='ocr_carea' id='block_1_3' title="bbox 534 756 1073 803">
    <p class='ocr_par' dir='ltr' id='par_1_3' title="bbox 534 756 1073 803">
     <span class='ocr_line' id='line_1_9' title="bbox 534 756 1073 803; baseline 0.002 -12"><span class='ocrx_word' id='word_1_72' title='bbox 534 756 611 791; x_wconf 75' lang='lat' dir='ltr'>The</span> <span class='ocrx_word' id='word_1_73' title='bbox 628 756 738 802; x_wconf 72' lang='lat' dir='ltr'>Story</span> <span class='ocrx_word' id='word_1_74' title='bbox 756 756 801 803; x_wconf 68' lang='lat' dir='ltr'>[gf</span> <span class='ocrx_word' id='word_1_75' title='bbox 818 756 851 792; x_wconf 90' lang='lat' dir='ltr'><em>C</em></span> <span class='ocrx_word' id='word_1_76' title='bbox 850 756 1073 792; x_wconf 70' lang='lat' dir='ltr'>incimzatzcs.</span> 
     </span>
    </p>
   </div>
   <div class='ocr_carea' id='block_1_4' title="bbox 86 846 1493 1648">
    <p class='ocr_par' dir='ltr' id='par_1_4' title="bbox 86 846 1493 1648">
     <span class='ocr_line' id='line_1_10' title="bbox 143 846 1493 897; baseline 0 -13"><span class='ocrx_word' id='word_1_77' title='bbox 143 846 399 895; x_wconf 81' lang='lat' dir='ltr'>29.—-Aequi</span> <span class='ocrx_word' id='word_1_78' title='bbox 418 846 612 883; x_wconf 82' lang='lat' dir='ltr'>consulem</span> <span class='ocrx_word' id='word_1_79' title='bbox 632 846 847 883; x_wconf 83' lang='lat' dir='ltr'>Romanum</span> <span class='ocrx_word' id='word_1_80' title='bbox 867 859 953 883; x_wconf 87' lang='lat' dir='ltr'>cum</span> <span class='ocrx_word' id='word_1_81' title='bbox 973 846 1197 884; x_wconf 81' lang='lat' dir='ltr'>exercituin</span> <span class='ocrx_word' id='word_1_82' title='bbox 1213 846 1311 884; x_wconf 82' lang='lat' dir='ltr'>valle</span> <span class='ocrx_word' id='word_1_83' title='bbox 1331 852 1493 897; x_wconf 78' lang='lat' dir='ltr'>angusta</span> 
     </span>
     <span class='ocr_line' id='line_1_11' title="bbox 90 914 1493 962; baseline 0 -11"><span class='ocrx_word' id='word_1_84' title='bbox 90 914 428 952; x_wconf 72' lang='lat' dir='ltr'>circumsedebant.</span> <span class='ocrx_word' id='word_1_85' title='bbox 487 914 598 962; x_wconf 80' lang='lat' dir='ltr'>Quod</span> <span class='ocrx_word' id='word_1_86' title='bbox 618 914 684 952; x_wconf 91' lang='lat' dir='ltr'>ubi</span> <span class='ocrx_word' id='word_1_87' title='bbox 703 914 848 952; x_wconf 84' lang='lat' dir='ltr'>Romae</span> <span class='ocrx_word' id='word_1_88' title='bbox 876 914 1098 951; x_wconf 88' lang='lat' dir='ltr'>nuntiatum</span> <span class='ocrx_word' id='word_1_89' title='bbox 1126 919 1194 961; x_wconf 84' lang='lat' dir='ltr'>est,</span> <span class='ocrx_word' id='word_1_90' title='bbox 1217 919 1349 952; x_wconf 87' lang='lat' dir='ltr'>tantus</span> <span class='ocrx_word' id='word_1_91' title='bbox 1368 920 1493 952; x_wconf 87' lang='lat' dir='ltr'>terror</span> 
     </span>
     <span class='ocr_line' id='line_1_12' title="bbox 89 982 1490 1030; baseline 0 -10"><span class='ocrx_word' id='word_1_92' title='bbox 89 983 235 1021; x_wconf 91' lang='lat' dir='ltr'>civibus</span> <span class='ocrx_word' id='word_1_93' title='bbox 250 983 412 1020; x_wconf 90' lang='lat' dir='ltr'>iniectus</span> <span class='ocrx_word' id='word_1_94' title='bbox 431 987 489 1020; x_wconf 90' lang='lat' dir='ltr'>est</span> <span class='ocrx_word' id='word_1_95' title='bbox 508 987 551 1020; x_wconf 90' lang='lat' dir='ltr'>ut</span> <span class='ocrx_word' id='word_1_96' title='bbox 570 983 612 1021; x_wconf 90' lang='lat' dir='ltr'>T.</span> <span class='ocrx_word' id='word_1_97' title='bbox 632 983 832 1030; x_wconf 75' lang='lat' dir='ltr'>Quinctius</span> <span class='ocrx_word' id='word_1_98' title='bbox 853 982 1103 1020; x_wconf 75' lang='lat' dir='ltr'>Cincinnatus</span> <span class='ocrx_word' id='word_1_99' title='bbox 1119 983 1289 1021; x_wconf 89' lang='lat' dir='ltr'>omnium</span> <span class='ocrx_word' id='word_1_100' title='bbox 1306 997 1490 1021; x_wconf 90' lang='lat' dir='ltr'>consensu</span> 
     </span>
     <span class='ocr_line' id='line_1_13' title="bbox 89 1051 1488 1102; baseline 0.001 -14"><span class='ocrx_word' id='word_1_101' title='bbox 89 1052 254 1090; x_wconf 86' lang='lat' dir='ltr'>dictator</span> <span class='ocrx_word' id='word_1_102' title='bbox 281 1052 407 1090; x_wconf 88' lang='lat' dir='ltr'>dictus</span> <span class='ocrx_word' id='word_1_103' title='bbox 427 1052 486 1089; x_wconf 88' lang='lat' dir='ltr'>sit.</span> <span class='ocrx_word' id='word_1_104' title='bbox 544 1052 655 1089; x_wconf 85' lang='lat' dir='ltr'>Missi</span> <span class='ocrx_word' id='word_1_105' title='bbox 683 1052 801 1101; x_wconf 74' lang='lat' dir='ltr'>igitur</span> <span class='ocrx_word' id='word_1_106' title='bbox 820 1051 936 1101; x_wconf 75' lang='lat' dir='ltr'>legati</span> <span class='ocrx_word' id='word_1_107' title='bbox 956 1052 1021 1100; x_wconf 90' lang='lat' dir='ltr'>qui</span> <span class='ocrx_word' id='word_1_108' title='bbox 1041 1065 1152 1101; x_wconf 86' lang='lat' dir='ltr'>opem</span> <span class='ocrx_word' id='word_1_109' title='bbox 1171 1052 1252 1090; x_wconf 91' lang='lat' dir='ltr'>eius</span> <span class='ocrx_word' id='word_1_110' title='bbox 1280 1057 1488 1102; x_wconf 88' lang='lat' dir='ltr'>poscerent.</span> 
     </span>
     <span class='ocr_line' id='line_1_14' title="bbox 88 1119 1491 1170; baseline 0.001 -13"><span class='ocrx_word' id='word_1_111' title='bbox 88 1120 247 1157; x_wconf 87' lang='lat' dir='ltr'>Nudum</span> <span class='ocrx_word' id='word_1_112' title='bbox 275 1134 361 1158; x_wconf 89' lang='lat' dir='ltr'>eum</span> <span class='ocrx_word' id='word_1_113' title='bbox 390 1124 562 1158; x_wconf 83' lang='lat' dir='ltr'>arantem</span> <span class='ocrx_word' id='word_1_114' title='bbox 591 1120 830 1158; x_wconf 84' lang='lat' dir='ltr'>invenerunt.</span> <span class='ocrx_word' id='word_1_115' title='bbox 890 1119 1046 1157; x_wconf 85' lang='lat' dir='ltr'>Auditis</span> <span class='ocrx_word' id='word_1_116' title='bbox 1073 1119 1288 1169; x_wconf 80' lang='lat' dir='ltr'>legatorum</span> <span class='ocrx_word' id='word_1_117' title='bbox 1316 1121 1491 1170; x_wconf 83' lang='lat' dir='ltr'>precibus</span> 
     </span>
     <span class='ocr_line' id='line_1_15' title="bbox 87 1187 1492 1239; baseline 0 -13"><span class='ocrx_word' id='word_1_118' title='bbox 87 1189 287 1236; x_wconf 73' lang='lat' dir='ltr'>Quinctius</span> <span class='ocrx_word' id='word_1_119' title='bbox 306 1193 436 1238; x_wconf 80' lang='lat' dir='ltr'>togam</span> <span class='ocrx_word' id='word_1_120' title='bbox 455 1188 588 1226; x_wconf 83' lang='lat' dir='ltr'>afferre</span> <span class='ocrx_word' id='word_1_121' title='bbox 608 1201 767 1225; x_wconf 79' lang='lat' dir='ltr'>uxorein</span> <span class='ocrx_word' id='word_1_122' title='bbox 787 1187 908 1234; x_wconf 86' lang='lat' dir='ltr'>iussit,</span> <span class='ocrx_word' id='word_1_123' title='bbox 923 1192 966 1224; x_wconf 87' lang='lat' dir='ltr'>ut</span> <span class='ocrx_word' id='word_1_124' title='bbox 985 1192 1139 1237; x_wconf 80' lang='lat' dir='ltr'>togatus</span> <span class='ocrx_word' id='word_1_125' title='bbox 1158 1188 1383 1238; x_wconf 81' lang='lat' dir='ltr'>obsequium</span> <span class='ocrx_word' id='word_1_126' title='bbox 1403 1202 1492 1239; x_wconf 82' lang='lat' dir='ltr'>erga</span> 
     </span>
     <span class='ocr_line' id='line_1_16' title="bbox 87 1256 1487 1307; baseline 0 -13"><span class='ocrx_word' id='word_1_127' title='bbox 87 1262 262 1295; x_wconf 85' lang='lat' dir='ltr'>senatum</span> <span class='ocrx_word' id='word_1_128' title='bbox 282 1257 523 1307; x_wconf 81' lang='lat' dir='ltr'>significaret.</span> <span class='ocrx_word' id='word_1_129' title='bbox 591 1256 690 1293; x_wconf 91' lang='lat' dir='ltr'>Tum</span> <span class='ocrx_word' id='word_1_130' title='bbox 711 1256 837 1306; x_wconf 78' lang='lat' dir='ltr'>legati,</span> <span class='ocrx_word' id='word_1_131' title='bbox 869 1261 1013 1305; x_wconf 88' lang='lat' dir='ltr'>quanto</span> <span class='ocrx_word' id='word_1_132' title='bbox 1042 1256 1082 1293; x_wconf 90' lang='grc'>111</span> <span class='ocrx_word' id='word_1_133' title='bbox 1110 1256 1329 1294; x_wconf 85' lang='lat' dir='ltr'>discrimine</span> <span class='ocrx_word' id='word_1_134' title='bbox 1349 1271 1408 1294; x_wconf 89' lang='lat' dir='ltr'>res</span> <span class='ocrx_word' id='word_1_135' title='bbox 1428 1258 1487 1304; x_wconf 88' lang='lat' dir='ltr'>sit,</span> 
     </span>
     <span class='ocr_line' id='line_1_17' title="bbox 86 1324 1486 1375; baseline 0.001 -12"><span class='ocrx_word' id='word_1_136' title='bbox 86 1326 372 1375; x_wconf 85' lang='lat' dir='ltr'>periculumque</span> <span class='ocrx_word' id='word_1_137' title='bbox 409 1325 600 1363; x_wconf 80' lang='lat' dir='ltr'>exercitus</span> <span class='ocrx_word' id='word_1_138' title='bbox 636 1325 786 1371; x_wconf 79' lang='lat' dir='ltr'>docent,</span> <span class='ocrx_word' id='word_1_139' title='bbox 826 1325 915 1362; x_wconf 89' lang='lat' dir='ltr'>inde</span> <span class='ocrx_word' id='word_1_140' title='bbox 961 1324 1191 1362; x_wconf 84' lang='lat' dir='ltr'>dictatorem</span> <span class='ocrx_word' id='word_1_141' title='bbox 1232 1326 1486 1364; x_wconf 85' lang='lat' dir='ltr'>consalutant.</span> 
     </span>
     <span class='ocr_line' id='line_1_18' title="bbox 87 1393 1490 1444; baseline -0.001 -13"><span class='ocrx_word' id='word_1_142' title='bbox 87 1394 216 1444; x_wconf 87' lang='lat' dir='ltr'>Copiis</span> <span class='ocrx_word' id='word_1_143' title='bbox 252 1407 367 1444; x_wconf 86' lang='lat' dir='ltr'>quam</span> <span class='ocrx_word' id='word_1_144' title='bbox 404 1393 597 1432; x_wconf 86' lang='lat' dir='ltr'>celerrime</span> <span class='ocrx_word' id='word_1_145' title='bbox 635 1393 857 1442; x_wconf 86' lang='lat' dir='ltr'>conscriptis</span> <span class='ocrx_word' id='word_1_146' title='bbox 893 1393 1017 1442; x_wconf 85' lang='lat' dir='ltr'>prima</span> <span class='ocrx_word' id='word_1_147' title='bbox 1045 1393 1127 1431; x_wconf 90' lang='lat' dir='ltr'>luce</span> <span class='ocrx_word' id='word_1_148' title='bbox 1159 1393 1362 1443; x_wconf 83' lang='lat' dir='ltr'>profectus,</span> <span class='ocrx_word' id='word_1_149' title='bbox 1397 1393 1490 1431; x_wconf 88' lang='lat' dir='ltr'>fusis</span> 
     </span>
     <span class='ocr_line' id='line_1_19' title="bbox 86 1461 1490 1512; baseline -0.001 -12"><span class='ocrx_word' id='word_1_150' title='bbox 86 1463 260 1500; x_wconf 88' lang='lat' dir='ltr'>hostibus</span> <span class='ocrx_word' id='word_1_151' title='bbox 292 1462 510 1512; x_wconf 82' lang='lat' dir='ltr'>fugatisque</span> <span class='ocrx_word' id='word_1_152' title='bbox 547 1461 759 1498; x_wconf 84' lang='lat' dir='ltr'>exercitum</span> <span class='ocrx_word' id='word_1_153' title='bbox 791 1461 978 1499; x_wconf 84' lang='lat' dir='ltr'>liberavit.</span> <span class='ocrx_word' id='word_1_154' title='bbox 1055 1461 1202 1508; x_wconf 76' lang='lat' dir='ltr'>Quibus</span> <span class='ocrx_word' id='word_1_155' title='bbox 1232 1462 1345 1499; x_wconf 84' lang='lat' dir='ltr'>rebus</span> <span class='ocrx_word' id='word_1_156' title='bbox 1372 1463 1490 1512; x_wconf 81' lang='lat' dir='ltr'>gestis</span> 
     </span>
     <span class='ocr_line' id='line_1_20' title="bbox 86 1530 1489 1580; baseline -0.001 -12"><span class='ocrx_word' id='word_1_157' title='bbox 86 1532 220 1569; x_wconf 86' lang='lat' dir='ltr'>urbem</span> <span class='ocrx_word' id='word_1_158' title='bbox 239 1531 480 1580; x_wconf 85' lang='lat' dir='ltr'>triumphans</span> <span class='ocrx_word' id='word_1_159' title='bbox 508 1530 699 1579; x_wconf 83' lang='lat' dir='ltr'>ingressus</span> <span class='ocrx_word' id='word_1_160' title='bbox 733 1533 802 1575; x_wconf 87' lang='lat' dir='ltr'>est,</span> <span class='ocrx_word' id='word_1_161' title='bbox 836 1542 960 1578; x_wconf 90' lang='lat' dir='ltr'>neque</span> <span class='ocrx_word' id='word_1_162' title='bbox 991 1534 1119 1567; x_wconf 86' lang='lat' dir='ltr'>tamen</span> <span class='ocrx_word' id='word_1_163' title='bbox 1151 1530 1311 1578; x_wconf 86' lang='lat' dir='ltr'>imperio</span> <span class='ocrx_word' id='word_1_164' title='bbox 1343 1530 1489 1567; x_wconf 87' lang='lat' dir='ltr'>diutius</span> 
     </span>
     <span class='ocr_line' id='line_1_21' title="bbox 87 1597 1489 1648; baseline -0.002 -11"><span class='ocrx_word' id='word_1_165' title='bbox 87 1600 202 1648; x_wconf 88' lang='lat' dir='ltr'>potiri</span> <span class='ocrx_word' id='word_1_166' title='bbox 222 1599 354 1645; x_wconf 88' lang='lat' dir='ltr'>voluit,</span> <span class='ocrx_word' id='word_1_167' title='bbox 377 1599 443 1635; x_wconf 90' lang='lat' dir='ltr'>sed</span> <span class='ocrx_word' id='word_1_168' title='bbox 471 1598 519 1636; x_wconf 90' lang='lat' dir='ltr'>ad</span> <span class='ocrx_word' id='word_1_169' title='bbox 549 1611 683 1647; x_wconf 77' lang='lat' dir='ltr'>agrum</span> <span class='ocrx_word' id='word_1_170' title='bbox 703 1610 788 1634; x_wconf 85' lang='lat' dir='ltr'>cum</span> <span class='ocrx_word' id='word_1_171' title='bbox 807 1597 999 1635; x_wconf 83' lang='lat' dir='ltr'>dictatura</span> <span class='ocrx_word' id='word_1_172' title='bbox 1019 1611 1057 1635; x_wconf 86' lang='lat' dir='ltr'>se</span> <span class='ocrx_word' id='word_1_173' title='bbox 1077 1598 1290 1636; x_wconf 85' lang='lat' dir='ltr'>abdicasset</span> <span class='ocrx_word' id='word_1_174' title='bbox 1318 1598 1489 1647; x_wconf 86' lang='lat' dir='ltr'>privatus</span> 
     </span>
    </p>
   </div>
   <div class='ocr_carea' id='block_1_5' title="bbox 90 1667 1184 1824">
    <p class='ocr_par' dir='ltr' id='par_1_5' title="bbox 90 1667 1184 1824">
     <span class='ocr_line' id='line_1_22' title="bbox 90 1667 212 1704; baseline 0 0"><span class='ocrx_word' id='word_1_175' title='bbox 90 1667 212 1704; x_wconf 84' lang='lat' dir='ltr'>rediit.</span> 
     </span>
     <span class='ocr_line' id='line_1_23' title="bbox 399 1776 1184 1824; baseline -0.003 -9"><span class='ocrx_word' id='word_1_176' title='bbox 399 1777 581 1815; x_wconf 67' lang='lat' dir='ltr'>Camillus</span> <span class='ocrx_word' id='word_1_177' title='bbox 600 1789 701 1813; x_wconf 75' lang='lat' dir='ltr'>saves</span> <span class='ocrx_word' id='word_1_178' title='bbox 720 1777 950 1824; x_wconf 74' lang='lat' dir='ltr'>Romefmm</span> <span class='ocrx_word' id='word_1_179' title='bbox 972 1777 1030 1812; x_wconf 76' lang='lat' dir='ltr'>the</span> <span class='ocrx_word' id='word_1_180' title='bbox 1054 1776 1184 1813; x_wconf 77' lang='lat' dir='ltr'>Ganls.</span> 
     </span>
    </p>
   </div>
   <div class='ocr_carea' id='block_1_6' title="bbox 83 1866 1494 2386">
    <p class='ocr_par' dir='ltr' id='par_1_6' title="bbox 83 1866 1494 2386">
     <span class='ocr_line' id='line_1_24' title="bbox 139 1866 1488 1917; baseline -0.001 -11"><span class='ocrx_word' id='word_1_181' title='bbox 139 1868 385 1909; x_wconf 87' lang='lat' dir='ltr'>30.——Anno</span> <span class='ocrx_word' id='word_1_182' title='bbox 418 1867 523 1906; x_wconf 90' lang='lat' dir='ltr'>urbis</span> <span class='ocrx_word' id='word_1_183' title='bbox 556 1867 732 1905; x_wconf 86' lang='lat' dir='ltr'>conditae</span> <span class='ocrx_word' id='word_1_184' title='bbox 761 1867 1030 1905; x_wconf 87' lang='lat' dir='ltr'>trecentesimo</span> <span class='ocrx_word' id='word_1_185' title='bbox 1063 1866 1352 1917; x_wconf 86' lang='lat' dir='ltr'>quadragesimo</span> <span class='ocrx_word' id='word_1_186' title='bbox 1385 1880 1488 1905; x_wconf 90' lang='lat' dir='ltr'>nono</span> 
     </span>
     <span class='ocr_line' id='line_1_25' title="bbox 89 1935 1489 1980; baseline 0 -6"><span class='ocrx_word' id='word_1_187' title='bbox 89 1950 174 1974; x_wconf 89' lang='lat' dir='ltr'>cum</span> <span class='ocrx_word' id='word_1_188' title='bbox 205 1936 387 1974; x_wconf 86' lang='lat' dir='ltr'>Veientes</span> <span class='ocrx_word' id='word_1_189' title='bbox 419 1936 602 1974; x_wconf 82' lang='lat' dir='ltr'>Romanis</span> <span class='ocrx_word' id='word_1_190' title='bbox 631 1935 775 1974; x_wconf 89' lang='lat' dir='ltr'>bellum</span> <span class='ocrx_word' id='word_1_191' title='bbox 804 1935 1046 1980; x_wconf 83' lang='lat' dir='ltr'>indixissent,</span> <span class='ocrx_word' id='word_1_192' title='bbox 1070 1935 1236 1972; x_wconf 82' lang='lat' dir='ltr'>dictator</span> <span class='ocrx_word' id='word_1_193' title='bbox 1264 1940 1397 1972; x_wconf 89' lang='lat' dir='ltr'>contra</span> <span class='ocrx_word' id='word_1_194' title='bbox 1426 1949 1489 1974; x_wconf 87' lang='lat' dir='ltr'>eos</span> 
     </span>
     <span class='ocr_line' id='line_1_26' title="bbox 89 2003 1487 2053; baseline -0.001 -10"><span class='ocrx_word' id='word_1_195' title='bbox 89 2006 226 2043; x_wconf 87' lang='lat' dir='ltr'>missus</span> <span class='ocrx_word' id='word_1_196' title='bbox 263 2010 321 2043; x_wconf 89' lang='lat' dir='ltr'>est</span> <span class='ocrx_word' id='word_1_197' title='bbox 357 2005 494 2042; x_wconf 88' lang='lat' dir='ltr'>Furius</span> <span class='ocrx_word' id='word_1_198' title='bbox 532 2004 724 2043; x_wconf 84' lang='lat' dir='ltr'>Camillus.</span> <span class='ocrx_word' id='word_1_199' title='bbox 784 2003 899 2041; x_wconf 86' lang='lat' dir='ltr'>Varie</span> <span class='ocrx_word' id='word_1_200' title='bbox 936 2003 985 2040; x_wconf 88' lang='lat' dir='ltr'>ad</span> <span class='ocrx_word' id='word_1_201' title='bbox 1022 2003 1138 2040; x_wconf 90' lang='lat' dir='ltr'>Veios</span> <span class='ocrx_word' id='word_1_202' title='bbox 1175 2008 1387 2053; x_wconf 83' lang='lat' dir='ltr'>pugnatum</span> <span class='ocrx_word' id='word_1_203' title='bbox 1420 2009 1487 2042; x_wconf 88' lang='lat' dir='ltr'>est.</span> 
     </span>
     <span class='ocr_line' id='line_1_27' title="bbox 89 2072 1491 2123; baseline 0 -12"><span class='ocrx_word' id='word_1_204' title='bbox 89 2074 261 2111; x_wconf 89' lang='lat' dir='ltr'>Tandem</span> <span class='ocrx_word' id='word_1_205' title='bbox 280 2078 368 2123; x_wconf 87' lang='lat' dir='ltr'>post</span> <span class='ocrx_word' id='word_1_206' title='bbox 386 2073 625 2111; x_wconf 86' lang='lat' dir='ltr'>obsidionem</span> <span class='ocrx_word' id='word_1_207' title='bbox 640 2073 861 2110; x_wconf 82' lang='lat' dir='ltr'>diuturnam</span> <span class='ocrx_word' id='word_1_208' title='bbox 876 2072 964 2110; x_wconf 92' lang='lat' dir='ltr'>Veii</span> <span class='ocrx_word' id='word_1_209' title='bbox 983 2072 1073 2109; x_wconf 87' lang='lat' dir='ltr'>urbs</span> <span class='ocrx_word' id='word_1_210' title='bbox 1093 2072 1358 2121; x_wconf 87' lang='lat' dir='ltr'>antiquissima</span> <span class='ocrx_word' id='word_1_211' title='bbox 1377 2076 1491 2122; x_wconf 82' lang='lat' dir='ltr'>atque</span> 
     </span>
     <span class='ocr_line' id='line_1_28' title="bbox 89 2140 1489 2190; baseline -0.001 -10"><span class='ocrx_word' id='word_1_212' title='bbox 89 2143 279 2181; x_wconf 89' lang='lat' dir='ltr'>ditissima</span> <span class='ocrx_word' id='word_1_213' title='bbox 314 2143 354 2180; x_wconf 92' lang='lat' dir='ltr'>in</span> <span class='ocrx_word' id='word_1_214' title='bbox 391 2142 628 2180; x_wconf 87' lang='lat' dir='ltr'>deditionem</span> <span class='ocrx_word' id='word_1_215' title='bbox 660 2142 779 2188; x_wconf 87' lang='lat' dir='ltr'>venit,</span> <span class='ocrx_word' id='word_1_216' title='bbox 813 2153 938 2190; x_wconf 89' lang='lat' dir='ltr'>neque</span> <span class='ocrx_word' id='word_1_217' title='bbox 970 2141 1025 2178; x_wconf 85' lang='lat' dir='ltr'>ita</span> <span class='ocrx_word' id='word_1_218' title='bbox 1056 2140 1178 2177; x_wconf 88' lang='lat' dir='ltr'>multo</span> <span class='ocrx_word' id='word_1_219' title='bbox 1210 2145 1297 2190; x_wconf 89' lang='lat' dir='ltr'>post</span> <span class='ocrx_word' id='word_1_220' title='bbox 1329 2140 1489 2179; x_wconf 87' lang='lat' dir='ltr'>Faleriis</span> 
     </span>
     <span class='ocr_line' id='line_1_29' title="bbox 87 2207 1494 2260; baseline -0.001 -12"><span class='ocrx_word' id='word_1_221' title='bbox 87 2211 232 2260; x_wconf 87' lang='lat' dir='ltr'>potitus</span> <span class='ocrx_word' id='word_1_222' title='bbox 249 2215 307 2248; x_wconf 88' lang='lat' dir='ltr'>est</span> <span class='ocrx_word' id='word_1_223' title='bbox 321 2209 515 2248; x_wconf 80' lang='lat' dir='ltr'>Camillus,</span> <span class='ocrx_word' id='word_1_224' title='bbox 572 2209 668 2247; x_wconf 89' lang='lat' dir='ltr'>Inde</span> <span class='ocrx_word' id='word_1_225' title='bbox 688 2213 817 2247; x_wconf 85' lang='lat' dir='ltr'>coorta</span> <span class='ocrx_word' id='word_1_226' title='bbox 835 2207 981 2246; x_wconf 89' lang='lat' dir='ltr'>invidia</span> <span class='ocrx_word' id='word_1_227' title='bbox 999 2212 1038 2245; x_wconf 88' lang='lat' dir='ltr'>et</span> <span class='ocrx_word' id='word_1_228' title='bbox 1052 2208 1316 2246; x_wconf 83' lang='lat' dir='ltr'>accusantibus</span> <span class='ocrx_word' id='word_1_229' title='bbox 1330 2209 1494 2247; x_wconf 90' lang='lat' dir='ltr'>inimicis</span> 
     </span>
     <span class='ocr_line' id='line_1_30' title="bbox 85 2277 1489 2329; baseline -0.001 -12"><span class='ocrx_word' id='word_1_230' title='bbox 85 2279 187 2328; x_wconf 87' lang='lat' dir='ltr'>quod</span> <span class='ocrx_word' id='word_1_231' title='bbox 206 2279 387 2329; x_wconf 84' lang='lat' dir='ltr'>praedam</span> <span class='ocrx_word' id='word_1_232' title='bbox 406 2279 504 2316; x_wconf 81' lang='lat' dir='ltr'>male</span> <span class='ocrx_word' id='word_1_233' title='bbox 532 2278 734 2325; x_wconf 85' lang='lat' dir='ltr'>divisisset,</span> <span class='ocrx_word' id='word_1_234' title='bbox 756 2279 804 2316; x_wconf 90' lang='lat' dir='ltr'>ob</span> <span class='ocrx_word' id='word_1_235' title='bbox 828 2291 911 2316; x_wconf 88' lang='lat' dir='ltr'>eam</span> <span class='ocrx_word' id='word_1_236' title='bbox 931 2290 1101 2315; x_wconf 85' lang='lat' dir='ltr'>caussam</span> <span class='ocrx_word' id='word_1_237' title='bbox 1120 2277 1322 2315; x_wconf 87' lang='lat' dir='ltr'>damnatus</span> <span class='ocrx_word' id='word_1_238' title='bbox 1341 2278 1489 2316; x_wconf 87' lang='lat' dir='ltr'>exsula-</span> 
     </span>
     <span class='ocr_line' id='line_1_31' title="bbox 83 2345 1489 2386; baseline -0.001 -1"><span class='ocrx_word' id='word_1_239' title='bbox 83 2352 167 2385; x_wconf 88' lang='lat' dir='ltr'>tum</span> <span class='ocrx_word' id='word_1_240' title='bbox 186 2347 288 2386; x_wconf 85' lang='lat' dir='ltr'>abiit.</span> <span class='ocrx_word' id='word_1_241' title='bbox 348 2347 487 2385; x_wconf 81' lang='lat' dir='ltr'>Statim</span> <span class='ocrx_word' id='word_1_242' title='bbox 508 2347 608 2384; x_wconf 82' lang='lat' dir='ltr'>Galli</span> <span class='ocrx_word' id='word_1_243' title='bbox 631 2347 801 2385; x_wconf 60' lang='lat' dir='ltr'>Senones</span> <span class='ocrx_word' id='word_1_244' title='bbox 832 2346 880 2384; x_wconf 84' lang='lat' dir='ltr'>ad</span> <span class='ocrx_word' id='word_1_245' title='bbox 900 2346 1032 2383; x_wconf 89' lang='lat' dir='ltr'>urbem</span> <span class='ocrx_word' id='word_1_246' title='bbox 1053 2349 1244 2384; x_wconf 88' lang='lat' dir='ltr'>venerunt</span> <span class='ocrx_word' id='word_1_247' title='bbox 1262 2350 1301 2383; x_wconf 87' lang='lat' dir='ltr'>et</span> <span class='ocrx_word' id='word_1_248' title='bbox 1319 2345 1489 2384; x_wconf 88' lang='lat' dir='ltr'>devictos</span> 
     </span>
    </p>
   </div>
  </div>
 </body>
</html>
