1559 2463
51 69 153 93 PART
174 56 233 107 IL]
422 59 689 96 HJSJORY
714 59 790 96 OF
815 57 1060 96 GREECE.
1399 56 1444 100 67

48 165 119 201 sibi
149 164 405 210 adsciverunt,
436 170 480 202 ut
516 166 703 212 hostibus,
735 166 765 202 si
794 165 859 214 qui
888 165 1028 210 forent,
1059 163 1300 212 pedestribus
1330 162 1448 210 copiis

48 233 290 270 resisterent:
329 248 414 271 011111
446 235 751 272 Atheniensibus
780 239 909 271 autem
947 247 986 271 se
1015 234 1299 270 coniunxerunt
1336 232 1448 268 Iones

49 301 300 350 nonnullique
316 316 364 339 ex
379 303 425 340 iis
441 303 507 352 qui
522 303 666 340 insulas
682 303 722 339 in
738 302 868 351 Aegeo
884 303 981 339 mari
997 301 1257 349 Thraciaeque
1271 300 1384 336 urbes
1398 299 1449 335 in<

50 369 238 415 colebant,
258 383 301 408 eo
322 371 479 408 consilio
499 371 557 408 uti
577 371 716 408 Persae
735 371 866 420 Aegeo
886 371 982 407 mari
1001 370 1192 407 abstinere
1213 372 1447 418 cogerentur.

51 436 169 474 Cuius
196 438 388 476 societatis
415 439 550 489 legatis
578 440 618 476 in
647 439 810 476 insulam
839 439 964 476 Delon
993 438 1210 476 convocatis
1238 437 1382 486 placuit
1409 441 1453 473 ut

51 507 256 555 quotannis
289 520 460 557 quaeque
491 508 651 546 societas
682 514 827 545 certum
858 508 1013 545 navium
1046 520 1247 544 numerum
1276 510 1452 555 paratum

51 573 221 620 haberet,
243 581 309 612 aut
328 589 396 625 pro
417 577 577 613 navibus
598 582 744 614 certum
762 576 911 625 argenti
931 575 1080 624 pondus
1109 574 1318 624 penderet3
1347 579 1454 623 quot-

53 643 163 680 annis
200 644 316 681 etiam
357 645 504 694 legatos
540 645 580 682 in
618 645 805 694 templum
845 644 1039 693 Apollinis
1081 644 1285 681 convenire
1327 644 1452 680 visum

52 711 271 761 ibidemque
292 714 469 762 pecunias
489 715 640 752 servari.

332 882 371 917 T
365 882 408 917 lle
426 883 576 917 li'eslllls
595 882 641 928 af
652 883 709 917 the
734 882 976 928 Comfideracy
996 881 1040 928 os
1052 881 1175 916 Delas.

109 972 358 1011 139.—Cum
395 978 523 1010 autem
561 973 691 1010 liceret
733 973 912 1021 pecunias
954 985 1022 1021 pro
1069 973 1230 1009 navibus
1277 972 1453 1021 pendere,

54 1040 256 1088 paullatim
285 1041 488 1079 nonnullas
517 1055 536 1079 0
565 1042 778 1079 minoribus
807 1041 1030 1078 civitatibus
1060 1042 1220 1079 militiae
1258 1042 1454 1091 poenitere

55 1109 202 1158 coepit:
241 1110 370 1159 itaque
408 1111 498 1148 data
534 1111 697 1160 pecunia
728 1111 867 1148 militia
900 1111 1113 1157 vaeabant3
1156 1124 1253 1159 quae
1290 1124 1350 1148 res
1388 1111 1458 1148 sub

55 1179 219 1227 speciem
238 1179 419 1216 utilitatis
438 1193 668 1229 magnopere
685 1180 730 1216 iis
750 1180 919 1217 nocebat.
980 1180 1082 1216 Nam
1102 1180 1360 1217 Athenienses
1376 1185 1459 1217 tota

55 1247 172 1284 classe
200 1247 307 1285 brevi
337 1248 451 1297 potiti
481 1249 591 1286 sociis
620 1249 840 1297 imperitare
869 1253 1087 1297 p‹i›tuerunt.
1147 1249 1282 1297 Itaque
1312 1249 1459 1297 aliquot

55 1321 142 1364 post
157 1317 267 1353 annis
279 1317 462 1366 pecuniae
478 1331 571 1366 quas
587 1317 677 1354 socii
692 1317 941 1354 conferebant
950 1317 1116 1354 Athenis
1131 1317 1274 1354 servari
1290 1322 1458 1366 coeptae,

54 1397 178 1433 neque
216 1385 419 1434 quicquam
456 1386 660 1435 potestatis
692 1386 802 1423 sociis
840 1386 1038 1435 superfuit.
1116 1386 1278 1423 Interim
1316 1386 1458 1423 bellum

56 1453 182 1490 Persis
210 1453 355 1500 inferri,
380 1467 561 1504 prospere
588 1468 668 1492 rem
696 1455 917 1504 gerentibus
946 1455 1067 1499 sociis,
1089 1455 1154 1504 qui
1175 1455 1335 1492 Cimone
1365 1455 1459 1491 duce

56 1522 247 1571 insignem
288 1523 335 1560 (le
382 1523 557 1561 hostibus
598 1524 798 1561 victoriam
845 1524 893 1561 ad
941 1524 1083 1561 flumen
1130 1523 1458 1573 Eurymedontem

56 1595 312 1639 reportarunt,
336 1591 463 1629 deleta
482 1592 686 1629 Persarum
707 1592 823 1629 classe
843 1592 1162 1642 pedestribusque
1183 1593 1300 1641 copiis
1320 1605 1459 1641 magna

57 1672 142 1695 cum
163 1664 287 1709 strage
308 1660 413 1697 fusis.

466 1827 717 1862 Bam'slzmcnt
733 1827 778 1873 (ff
795 1827 1050 1863 Themistocles.

115 1918 354 1956 l40.—Iam
384 1931 498 1966 supra
530 1918 882 1956 demonstravimus
919 1918 1150 1955 Pausaniam
1188 1917 1324 1967 eapitis
1357 1917 1459 1954 daur

56 1990 191 2022 natum
219 1999 299 2023 esse
320 1986 422 2034 quod
450 1987 615 2035 patriam
638 1987 801 2036 prodere
820 1987 1013 2024 voluisset.
1072 1986 1303 2033 Quaestione
1332 1990 1459 2023 autem

56 2053 190 2092 habita
208 2054 506 2092 Themistoclem
525 2055 642 2092 etiam
662 2056 908 2093 consiliorum
936 2055 1148 2092 Pausaniae
1168 2055 1361 2091 conscium
1381 2066 1460 2090 esse

58 2123 246 2171 apparuit.
303 2123 341 2160 Is
360 2136 450 2160 vero
469 2136 611 2173 gnarus
630 2124 711 2161 fore
739 2129 784 2161 ut
811 2124 1041 2173 proditionis
1061 2136 1146 2160 reus
1166 2123 1285 2168 fieret,
1307 2136 1391 2159 cum
1421 2123 1461 2158 in

6 2196 7 2199 ’
57 2189 188 2239 fugam
208 2203 246 2227 se
266 2191 482 2240 recepisset,
505 2197 542 2228 et
562 2205 581 2229 e
601 2192 734 2229 multis
753 2192 931 2241 periculis
951 2192 1144 2237 evasisset,
1167 2191 1263 2228 Susa
1291 2191 1460 2227 tandem.

8 2298 9 2305 ¹
57 2258 212 2295 Persiae
243 2264 368 2307 caput,
399 2272 438 2296 se
471 2260 645 2297 contulit.
713 2260 864 2298 Deinde
903 2274 988 2298 eum
1022 2260 1070 2297 ad
1103 2260 1375 2305 Artaxerxem,
1397 2260 1462 2308 qui

9 2351 11 2381 3
58 2327 160 2376 patri
180 2341 247 2365 suo
267 2328 389 2365 Xerxi
410 2329 628 2378 nuperrime
658 2330 849 2376 successit,
870 2330 1001 2367 literas
1028 2329 1195 2367 misisset
1223 2329 1462 2377 dixissetque
