1559 2463
90 81 291 132 PART111.]
412 82 781 118 ALEXANDER
815 81 930 117 THE
962 80 1168 117 GREAT.
1419 90 1487 127 115

81 207 150 231 rex
178 194 217 230 in
246 193 376 230 silvis:
415 206 511 242 quae
543 205 701 230 nemora
728 192 846 229 muris
877 192 1083 241 cinguntur
1115 196 1315 240 turresque
1348 191 1493 229 habent

81 262 306 299 venantium
334 261 579 310 receptacula.
639 260 813 307 Quatuor
842 260 1034 297 continuis
1065 260 1275 297 aestatibus
1306 260 1493 297 intactum

82 330 221 368 saltum
267 343 335 367 rex
368 343 453 367 cum
490 335 572 367 toto
610 329 780 366 exercitu
819 328 1012 378 ingressus
1048 328 1148 366 feras
1186 329 1323 378 agitari
1370 329 1491 375 iussit,

83 399 232 436 leonem
250 412 398 436 necnon
419 399 559 436 eximia
583 397 849 447 magnitudine
878 411 953 435 uno
982 398 1062 435 ictu
1080 399 1160 447 ipse
1189 398 1339 436 occidit.
1395 398 1494 435 Tum

84 472 248 515 quatuor
279 467 432 504 milibus
465 467 632 504 ferarum
663 467 819 504 deiectis
852 467 892 503 in
926 466 1060 503 eodem
1089 466 1188 503 saltu
1221 467 1396 515 epulatus
1425 471 1493 504 est.

84 536 179 573 Inde
199 536 433 573 Maracanda
460 549 652 585 regressus
673 535 803 585 epulas
831 535 871 572 in
900 535 1085 572 honorem
1114 535 1217 580 Cliti,
1242 549 1355 584 quem
1386 536 1495 573 unice

85 603 278 653 diligebat,
302 604 488 641 exhibuit.
547 603 630 650 Quo
659 604 699 640 in
728 603 903 641 convivio
923 616 991 640 rex
1021 616 1106 640 cum
1126 603 1248 640 multo
1277 603 1497 641 incaluisset

84 685 199 718 mero,
238 672 463 709 immodicus
500 672 722 709 aestimator
759 672 816 709 sui
854 672 1043 709 celebrare
1090 685 1134 708 ea
1180 685 1276 721 quae
1312 677 1493 721 gesserat,

85 741 217 790 eoepit.
287 741 385 777 Tum
406 740 530 778 Clitus
550 740 774 790 Philippum
804 740 982 777 laudibus
1011 741 1157 786 efferre,
1186 739 1352 777 eundem
1380 740 1496 777 Alex-

85 809 205 846 andro
242 814 487 858 anteponere,
522 814 561 846 et
598 809 678 858 ipse
715 823 783 858 per
819 809 1072 846 vinolentiam
1109 809 1375 847 observantiae
1409 823 1498 859 erga

85 891 213 927 regem
242 878 393 915 oblitus.
452 878 490 915 Is
509 878 566 915 ira
593 878 776 924 infensus,
800 878 904 915 cuius
925 878 1094 927 alioquin
1122 878 1314 927 impotens
1343 883 1436 923 erat,
1458 878 1496 915 in

86 947 230 984 Clitum
266 947 452 996 impetum
489 947 603 993 fecitg
641 952 724 984 tum
762 946 1031 984 cohibentibus
1074 946 1138 995 qui
1177 946 1297 996 epulis
1336 946 1498 984 adera-nt

85 1015 320 1053 occasionem
357 1016 633 1064 opperiebatur.
710 1016 824 1052 Brevi
862 1016 986 1064 spatio
1024 1015 1226 1053 interiecto
1265 1015 1411 1053 Clitum
1449 1030 1496 1053 ex

87 1084 244 1121 aedibus
265 1084 525 1134 egredientem
546 1084 675 1122 hastili
697 1083 878 1122 confodit.

584 1284 620 1320 A
625 1285 831 1320 lexastder's
856 1284 975 1331 Gm'ef.

143 1391 400 1431 236.—Inde
446 1404 604 1428 excussa
650 1392 844 1437 ebrietate,
885 1404 967 1428 sero
1014 1391 1169 1428 demum
1205 1392 1304 1430 tanti
1351 1393 1502 1431 sceleris

89 1461 285 1509 poenitere
316 1473 454 1509 regem,
486 1460 551 1509 qui
578 1460 643 1497 ubi
672 1460 796 1509 prima
823 1459 904 1497 luce
937 1464 1027 1497 ante
1054 1459 1167 1497 aedes
1200 1460 1363 1498 cadaver
1390 1461 1501 1499 amici

90 1529 215 1566 afferri
230 1529 352 1575 iussit,
369 1529 482 1566 scissa
497 1534 614 1574 veste,
630 1542 694 1566 ore
712 1528 905 1578 unguibus
925 1528 1081 1575 laniato,
1102 1528 1169 1566 diu
1189 1529 1316 1567 effusis
1335 1529 1501 1568 lacrimis

89 1597 278 1646 gemebat.
334 1597 554 1635 Vivendum
583 1611 662 1635 esse
683 1598 754 1635 sibi
774 1598 814 1634 in
834 1597 1041 1635 solitudine
1060 1610 1165 1635 more
1184 1597 1299 1645 ferae,
1320 1601 1501 1638 terrentis

91 1665 195 1713 alias,
216 1665 308 1702 alias
328 1666 511 1703 timentis.
569 1666 681 1703 Illam
700 1666 839 1703 nutrici
868 1679 956 1703 suae
976 1666 1140 1715 gratiam
1168 1667 1373 1715 rettulisse,
1395 1669 1501 1706 cuius

91 1733 167 1771 duo
205 1734 273 1771 filii
307 1747 375 1783 pro
406 1747 474 1771 sua
508 1734 630 1783 gloria
662 1735 701 1771 in
734 1735 812 1772 acie
843 1733 1069 1771 dimicantes
1102 1735 1351 1783 occidissent3
1393 1736 1502 1773 illum

91 1802 261 1849 fratrem,
294 1803 450 1840 unicum
487 1803 664 1840 orbitatis
693 1803 883 1849 solatium,
915 1817 936 1839 a
965 1816 1004 1839 se
1032 1803 1133 1840 inter
1166 1803 1296 1853 epulas
1324 1805 1497 1843 occisum.

94 1871 177 1918 Quo
211 1885 249 1909 se
287 1872 458 1909 converti
490 1872 668 1910 miseram
699 1875 834 1922 posseZ
876 1886 957 1910 sese
990 1872 1191 1911 interfecto
1222 1873 1343 1911 amico
1376 1875 1430 1912 ita
1462 1875 1502 1912 in

92 1939 256 1988 patriam
275 1952 515 1977 reversurum
534 1945 579 1977 ut
606 1953 653 1978 ne
674 1940 850 1978 dextram
871 1940 1025 1989 quidem
1052 1941 1192 1978 nutrici
1212 1941 1292 1979 sine
1321 1943 1505 1981 memoria

93 2008 321 2046 calamitatis
341 2009 473 2046 offerre
493 2013 631 2058 posset.
689 2009 787 2046 Inde
806 2009 978 2046 triduum
1007 2009 1125 2046 iacuit
1143 2009 1322 2047 inclusus.
1381 2010 1502 2058 Quem

94 2082 137 2114 ut
157 2076 335 2126 armigeri
354 2077 402 2114 ad
421 2077 662 2114 moriendum
683 2077 920 2115 obstinatum
941 2090 1021 2114 esse
1041 2083 1315 2127 cognoverunt,
1335 2080 1502 2117 universi

94 2145 135 2182 in
165 2145 278 2182 aedes
308 2145 536 2194 irrumpunt,
568 2145 711 2195 diuque
730 2146 906 2195 precibus
934 2146 1165 2183 reluctatum
1194 2159 1305 2196 aegre
1329 2147 1504 2186 vicerunt

94 2218 139 2251 ut
158 2214 285 2251 cibum
314 2219 473 2264 caperet.
534 2214 693 2264 Quoque
720 2215 848 2252 minus
872 2214 997 2252 caedis
1026 2214 1198 2263 puderet,
1220 2215 1301 2253 iure
1330 2216 1505 2254 interfec-

94 2286 179 2320 tum
216 2282 441 2330 decernunt,
480 2283 677 2332 sepultura
713 2296 864 2333 quoque
900 2283 1134 2333 prohibituri
1170 2284 1211 2320 ni
1247 2297 1317 2321 rex
1352 2285 1503 2323 humari

96 2351 277 2389 iussisset.
