1559 2463
60 54 163 79 PART
183 40 225 92 1.]
472 43 574 79 HIS
583 44 690 79 TOR
704 44 740 78 Y
765 43 840 79 OF
860 44 1040 79 ROME.
1411 56 1458 90 47

56 149 140 196 init,
181 149 239 186 cui
276 148 448 186 societati
478 149 635 186 tertium
673 149 846 198 ascripsit
877 149 931 187 M.
967 149 1166 199 Lepidum,
1203 151 1268 199 qui
1302 156 1341 188 et
1379 151 1458 199 ipsc

56 217 204 267 magnis
225 223 400 267 praeerat
433 217 561 267 copiis.
618 216 729 262 Tum,
760 217 800 255 id
831 218 934 267 quod
964 223 1078 255 antea
1109 218 1252 255 fecerat
1281 218 1397 266 Sulla,
1420 219 1459 256 in

55 286 229 324 inimicos
257 287 395 325 saeviri
424 291 622 336 coeptum:
649 286 761 323 multi
790 292 828 324 et
857 287 948 324 clari
976 287 1049 324 viri
1077 287 1272 325 interfecti
1302 292 1392 324 sunt
1421 292 1460 325 et

55 355 157 392 inter
174 354 267 393 alios
295 355 349 392 M.
385 355 534 392 Tullius
569 355 700 392 Cicero
735 355 800 404 qui
833 355 873 392 in
906 355 958 392 M.
995 355 1214 393 Antonium
1247 356 1460 393 orationem

56 422 200 460 habuit.
259 423 405 470 Quibus
425 423 539 461 rebus
558 422 676 473 gestis
695 423 842 461 bellum
861 423 983 461 Bruto
1005 430 1042 461 et
1063 423 1194 462 Cassio
1215 424 1282 473 qui
1301 437 1460 474 magnas

54 491 94 528 in
108 491 337 530 Macedonia
351 492 476 542 copias
493 492 808 542 conscripserant,
826 492 1017 529 indictum
1033 497 1100 530 est.
1153 493 1300 539 Quibus
1316 493 1459 542 proelio

54 559 103 597 ad
140 560 340 610 Philippos
377 561 579 599 commisso
616 560 741 606 victis,
772 560 926 598 Cassius
966 561 1039 598 sibi
1068 567 1232 599 mortem
1261 561 1458 607 conscivit,

55 642 178 678 neque
197 629 252 666 ita
271 629 393 666 multo
422 634 510 678 post
538 629 693 675 Brutus,
717 629 765 666 ad
799 629 965 667 eundem
992 630 1120 667 vicum
1150 629 1291 667 iterum
1320 630 1458 676 victus,

55 711 123 735 sua
142 710 259 735 manu
279 698 445 747 pugione
467 698 665 736 confossus
684 697 810 747 periit.

465 864 694 901 Octavianus
715 864 867 900 fidasler
883 864 928 911 of
940 864 1055 912 Italy.

109 954 360 993 101.—Tum
379 955 480 991 inter
499 960 577 992 tres
597 955 699 992 viros
719 955 900 992 convenit
919 961 963 992 ut
982 955 1178 993 Antonius
1198 956 1327 1002 Asiae,
1350 957 1460 996 Octa-

53 1021 187 1059 vianus
217 1022 361 1069 Italiae,
385 1022 544 1068 Galliae,
575 1022 798 1072 Hispaniae,
828 1023 997 1072 Lepidus
1023 1024 1177 1061 Africae
1207 1025 1457 1074 imperitaret.

53 1091 188 1140 Itaque
207 1091 400 1129 Antonius
421 1092 460 1129 in
479 1092 613 1129 Asiam
633 1092 839 1141 profectus,
860 1092 926 1130 ubi
955 1092 1191 1142 aliquamdiu
1220 1094 1260 1131 in
1280 1094 1459 1144 Aegypto

53 1159 154 1209 apud
175 1159 419 1209 Cleopatram
448 1166 704 1198 commoratus
724 1167 792 1207 est,
816 1174 944 1198 amore
973 1167 1106 1211 captus
1135 1162 1239 1199 illam
1266 1163 1305 1199 in
1331 1163 1460 1200 matri-

52 1229 225 1267 monium
244 1229 367 1267 duxit.
426 1229 575 1267 Multae
596 1236 636 1267 et
654 1243 791 1280 graves
811 1229 1055 1268 difficultates
1077 1231 1288 1269 Octaviano
1310 1233 1459 1270 obiicie-

52 1298 204 1344 bantur,
227 1297 409 1335 adversus
436 1311 550 1347 quem
571 1298 712 1336 Sextus
732 1298 938 1348 Pompeius
962 1299 1098 1349 Magni
1126 1300 1227 1338 filius
1256 1307 1455 1351 pugnaret.

53 1366 91 1403 Is
121 1380 206 1404 cum
234 1380 396 1417 magnae
425 1367 534 1405 classi
562 1373 755 1417 praeesset
782 1380 887 1405 mare
910 1368 1096 1406 infestum
1119 1369 1341 1407 reddiderat
1365 1384 1460 1408 com-

52 1441 275 1486 meatusque
313 1437 595 1486 intercipiebat,
635 1450 711 1487 qua
748 1450 796 1474 ex
832 1450 872 1474 re
906 1438 1112 1475 verebatur
1145 1438 1379 1477 Octavianus
1411 1453 1458 1477 ne

52 1504 182 1554 inopia
202 1505 301 1542 cives
322 1505 549 1543 laborarent.
600 1505 650 1543 Et
667 1505 718 1542 M.
739 1505 908 1555 Lepidus
928 1519 966 1544 se
984 1506 1102 1544 Sexto
1123 1508 1267 1545 socium
1283 1508 1461 1546 adiunxit

53 1586 138 1610 cum
164 1573 283 1610 nimia
301 1573 500 1611 videretur
520 1574 723 1612 Octaviani
752 1579 934 1624 potestas.
994 1575 1108 1614 Hunc
1136 1577 1295 1615 tandem
1315 1578 1460 1615 victum

53 1642 211 1692 imperio
236 1642 344 1680 exuit
364 1642 609 1689 Octavianus,
632 1643 794 1681 Sextum
819 1643 860 1680 in
879 1644 1013 1682 Asiam
1032 1645 1163 1695 fugere
1190 1646 1316 1684 deleta
1343 1647 1458 1685 classe

53 1712 187 1761 coegit,
208 1711 273 1748 ubi
293 1711 339 1748 ab
361 1712 533 1749 Antonio
554 1712 780 1750 interfectus
801 1718 867 1750 est.

522 1879 561 1914 T
553 1879 598 1914 lze
616 1879 714 1915 End
727 1879 772 1926 of
783 1880 820 1915 A
825 1881 985 1917 ntom'us.

109 1969 428 2008 102.—Interim
451 1969 647 2007 Antonius
674 1971 847 2008 moribus
866 1971 982 2009 Asiae
1011 1973 1245 2011 assuefactus
1271 1975 1458 2014 Romanis

54 2036 140 2074 odio
161 2050 240 2075 esse
261 2038 395 2087 coepit.
452 2038 549 2076 Mox
568 2039 602 2076 ei
629 2051 714 2076 cum
734 2039 947 2077 Octaviano
968 2041 1182 2079 simultates
1206 2042 1453 2090 intercedere,

53 2105 159 2142 cuius
186 2110 356 2154 potestas
384 2106 503 2143 nimia
530 2106 738 2153 videretur,
767 2120 890 2157 neque
924 2109 1027 2145 enim
1060 2122 1147 2147 eum
1179 2110 1319 2149 fefellit
1351 2112 1455 2150 haud

53 2173 134 2210 fieri
152 2186 262 2222 posse
281 2178 325 2210 ut
344 2179 504 2223 uterque
524 2188 672 2213 summo
701 2175 862 2224 imperio
890 2177 1089 2225 potiretur.
1148 2178 1211 2215 An
1231 2179 1271 2216 id
1291 2193 1455 2230 aequum

52 2254 131 2279 esse
149 2246 194 2279 ut
212 2242 309 2280 alter
327 2242 498 2280 favorem
517 2243 640 2292 plebis
660 2243 765 2281 domi
791 2244 1024 2292 conciliaret,
1047 2246 1205 2284 alterius
1225 2253 1395 2297 potestas
1415 2250 1455 2286 in

50 2308 131 2347 dies
149 2309 452 2348 diminueretur-2
506 2310 622 2348 Brevi
642 2324 721 2348 sese
750 2325 818 2360 pro
843 2313 975 2362 regulo
995 2313 1167 2352 Asiatico
1196 2315 1375 2353 habitum
1403 2317 1450 2354 iri
