1559 2463
75 113 121 135 20
299 101 535 137 SECOND
564 102 635 136 LA
648 101 754 136 TJN
775 101 1053 139 READJNG
1081 103 1250 139 BOOK
1307 100 1427 152 [PAR‘r
1449 114 1472 138 1.

72 211 231 248 Latinos
253 211 444 249 Samnites
465 211 656 260 Pyrrhum
679 212 906 249 dimicarent
925 225 1011 249 usos
1027 226 1107 250 esse
1123 213 1383 251 confitendum
1404 218 1472 251 est.

71 279 117 316 Id
155 280 258 317 enim
288 279 473 329 temporis
502 280 541 316 in
572 280 654 317 vita
684 280 825 317 rustica
857 281 971 318 duces
1004 286 1091 330 post
1123 282 1265 319 bellum
1299 286 1475 319 exactum

69 353 402 397 comsumpserunt
430 352 609 394 aetatem,
640 361 683 385 ea
712 349 884 386 contenti
912 349 1137 398 largitiones
1165 350 1474 399 corruptelasque

69 415 312 464 spernebant.
387 415 503 453 Curio
541 415 589 453 ad
627 415 755 454 focum
793 416 941 454 sedenti
987 429 1170 466 magnum
1208 417 1289 454 auri
1325 417 1476 466 pondus

70 481 262 520 Samnites
296 495 382 520 cum
418 482 652 529 attulissent,
682 482 874 532 repudiati
911 488 1010 521 sunt.
1086 483 1175 521 Non
1208 484 1310 521 enim
1342 497 1475 522 aurum

68 549 208 587 habere
228 550 464 599 praeclarum
493 550 566 587 sibi
585 549 709 588 videri
738 550 850 597 dixit,
872 551 938 588 sed
966 551 1012 588 iis
1031 551 1098 600 qui
1126 551 1313 589 haberent
1341 565 1475 589 aurum

67 617 262 667 imperare.
338 619 546 656 Poteratne
592 623 723 656 tantus
769 619 918 656 animus
955 633 1032 657 non
1079 620 1224 657 efficere
1271 619 1475 658 iucundam

69 688 333 725 senectutem?
389 687 529 736 Ecquis
549 687 588 725 C.
613 687 789 725 Fabricio
808 687 937 737 potius
956 687 1171 725 laudandus
1184 688 1349 734 videtur,
1371 688 1476 725 cuius

66 756 301 805 probitatem
329 756 390 794 vel
418 756 568 793 advena
587 757 748 794 miratus
776 757 852 794 siti!
910 757 1050 793 Nonne
1078 756 1317 806 praeclarum
1346 770 1473 794 exem-

67 825 174 874 plum
201 825 372 875 prodidit
400 825 653 863 Cincinnatus
681 825 758 873 ille,
787 826 853 875 qui
887 825 1047 863 devictis
1075 825 1251 864 hostibus
1284 825 1476 863 dictatura

67 894 199 932 statim
219 907 257 932 se
277 894 481 941 abdicavit,
502 894 676 943 privatus
696 894 744 932 ad
764 894 928 944 agellum
947 894 1092 931 rediit2

617 1038 742 1073 Fz'lial
756 1037 792 1072 Α
788 1036 948 1084 ffection.

119 1119 384 1169 4l.—Neque
416 1119 540 1157 adhuc
574 1120 641 1156 filii
674 1120 816 1168 pietate
849 1119 888 1156 in
921 1124 1049 1168 patres
1082 1119 1139 1156 uti
1170 1119 1371 1157 desierant.
1431 1119 1474 1158 L.

68 1188 227 1234 Manlio,
249 1201 333 1225 cum
353 1189 519 1226 dictator
537 1189 683 1234 fuisset,
705 1188 758 1227 M.
782 1188 1016 1238 Pomponius
1036 1188 1213 1225 tribunus
1232 1188 1354 1236 plebis
1374 1188 1475 1224 diem

68 1256 179 1304 dixit,
215 1257 318 1306 quod
351 1257 482 1294 Titum
515 1257 648 1303 filium,
684 1257 748 1306 qui
781 1261 925 1306 postea,
955 1261 999 1293 ut
1027 1256 1387 1302 demonstravinms,
1417 1261 1476 1293 est

67 1326 285 1375 Torquatus
314 1326 537 1375 appellatus,
569 1327 616 1363 ab
645 1325 866 1363 hominibus
893 1325 1100 1374 relegasset
1128 1329 1166 1362 et
1194 1324 1272 1362 ruri
1301 1324 1475 1362 habitare

66 1394 246 1432 iussisset.
318 1394 429 1441 Quod
458 1408 544 1432 cum
572 1394 784 1432 audivisset
811 1393 1031 1431 adolescens
1060 1393 1159 1430 filius
1188 1393 1385 1443 negotium
1414 1407 1476 1430 ex-

67 1463 190 1501 hiberi
222 1463 335 1512 patri,
370 1464 573 1501 accurrisse
605 1463 767 1500 Romam
801 1467 840 1500 et
877 1475 963 1499 cum
999 1461 1123 1511 prima
1150 1461 1232 1498 luce
1270 1461 1475 1511 Pomponii

68 1530 225 1568 domum
252 1530 402 1568 venisse
435 1531 585 1568 dicitur.
645 1530 717 1568 Cui
755 1543 840 1567 cum
873 1534 972 1567 esset
1005 1529 1236 1575 nuntiatum,
1267 1529 1332 1578 qui
1364 1528 1473 1566 illum

66 1599 208 1636 iratum
246 1599 454 1636 allaturum
499 1599 547 1636 ad
585 1612 623 1636 se
661 1598 805 1648 aliquid
853 1602 986 1635 contra
1023 1602 1173 1646 patrem
1210 1597 1472 1643 arbitraretur,

68 1666 236 1704 surrexit
255 1680 274 1703 e
303 1666 442 1704 lectulo
471 1667 706 1716 remotisque
735 1665 890 1704 arbitris
909 1665 957 1703 ad
987 1679 1024 1702 se
1054 1665 1335 1702 adolescentem
1363 1665 1474 1702 iussit

67 1735 208 1773 venire.
264 1735 319 1772 At
348 1735 422 1781 ille,
444 1739 488 1772 ut
517 1736 707 1785 ingressus
737 1739 805 1780 est,
826 1733 1029 1771 confestim
1056 1733 1226 1783 gladium
1255 1733 1473 1779 destrinxit,

66 1804 283 1853 iuravitque
312 1816 351 1841 se
379 1803 488 1841 illum
517 1804 651 1841 statim
679 1803 983 1848 interfecturum,
1006 1802 1079 1839 nisi
1106 1802 1372 1839 iusiurandum
1401 1802 1473 1839 sibi

68 1872 248 1917 dedisset,
270 1885 308 1909 se
336 1877 485 1921 patrem
514 1872 672 1910 missum
694 1885 774 1909 esse
793 1872 994 1910 facturum.
1053 1870 1202 1908 Iuravit
1229 1870 1300 1907 hoc
1320 1874 1473 1907 coactus

67 1946 211 1978 terrore
231 1940 475 1990 Pomponius
534 1941 632 1979 Rem
652 1941 700 1978 ad
728 1940 913 1990 populum
941 1939 1106 1977 detulit:
1135 1938 1275 1984 docuit,
1307 1951 1373 1975 cur
1400 1938 1472 1976 sibi

68 2023 198 2047 caussa
217 2009 400 2047 desistere
419 2023 569 2047 necesse
590 2014 714 2057 esset3
742 2009 933 2047 Manlium
961 2007 1119 2045 missum
1145 2007 1247 2044 fecit.
1304 2006 1471 2044 Tantum

69 2078 307 2128 temporibus
326 2078 403 2115 illis
422 2078 687 2116 iusiurandum
706 2078 870 2116 valebat.

582 2214 690 2250 Fz'rst
706 2213 830 2248 Punic
858 2212 926 2248 Wa
931 2224 960 2248 ν.

121 2295 449 2334 42.—Undecim
486 2295 594 2332 annis
631 2299 835 2345 postquam
872 2294 1043 2343 Pyrrhus
1080 2306 1128 2330 ex
1160 2292 1274 2330 Italia
1304 2292 1470 2338 recessit,

68 2364 209 2401 iterum
229 2377 250 2401 a
274 2364 458 2401 Romanis
478 2377 563 2401 cum
591 2364 846 2401 transmarino
874 2363 984 2400 hoste
1013 2366 1226 2412 pugnatum
1254 2365 1321 2399 est.
1378 2361 1472 2399 Erat
