1559 2463
89 56 193 82 PART
216 44 273 96 11.]
468 47 736 84 HISTORY
760 48 836 84 OF
860 48 1109 85 GREECE.
1445 61 1487 94 91

452 193 588 228 Resaslt
604 193 648 240 (ff
660 193 952 230 Demosthenes&
982 194 1127 241 Wgour.

144 289 438 328 189.—Postea
465 303 551 327 cum
571 290 688 341 legati
716 304 738 328 a
757 291 939 341 Philippo
967 292 1073 329 missi
1100 292 1276 329 Athenas
1296 291 1493 329 venissent

87 359 130 392 ut
149 355 196 393 de
224 369 315 405 pace
345 362 512 407 agerent,
533 363 686 396 auctore
714 359 977 397 Demosthene
1006 359 1126 408 spreti
1154 364 1253 397 sunt.
1312 359 1349 396 Is
1377 359 1493 397 etiam

86 425 233 463 civibus
260 427 450 475 persuasit
477 431 521 464 ut
548 427 784 476 Byzantinis,
807 441 902 477 quos
930 427 969 465 id
989 428 1173 477 temporis
1201 441 1269 466 rex
1289 427 1492 474 obsideret,

91 493 264 531 subsidio
301 495 428 543 copias
473 495 685 533 mitterent.
762 496 935 533 Ducibus
972 509 1054 534 rem
1092 502 1246 535 strenue
1293 497 1495 546 agentibus

86 562 289 611 Philippus
326 563 480 612 incepto
518 563 702 601 desistere
749 569 902 601 coactus
939 569 1009 611 est,
1048 564 1256 614 Byzantini
1293 564 1492 602 obsidione

85 629 245 667 liberati.
323 630 418 668 Inde
464 631 745 668 Demosthenes
792 630 925 668 eadem
975 631 1133 669 consilia
1178 644 1327 668 summo
1365 630 1493 668 studio

87 699 256 748 exsequi,
286 699 365 737 lata
392 699 475 749 lege
508 704 552 737 ut
579 700 741 749 pecunia
770 713 818 737 ex
837 700 983 737 aerario
1017 700 1066 737 ad
1093 700 1238 738 bellum
1265 712 1493 749 prosequen-

86 766 178 804 dum
206 771 435 817 erogaretur,
458 781 533 804 neu
561 772 715 805 tantum
744 781 988 805 nummorum
1017 768 1065 806 ad
1094 768 1213 806 festos
1242 768 1322 805 dies
1350 768 1493 817 impen-

85 835 223 873 derent
251 836 350 873 cives
379 849 465 874 eum
494 837 680 874 eiusmodi
709 837 878 887 pericula
906 838 991 875 urbi
1020 838 1301 875 minitarentur.
1369 836 1492 883 Quam

86 904 207 954 legem
227 904 384 943 iubente
404 905 557 954 populo,
577 905 858 943 Demosthenes
878 905 1035 943 collatas
1058 905 1237 955 pecunias
1266 905 1314 943 ad
1342 910 1491 942 veteres

86 985 203 1009 naves
232 973 460 1020 sarciendas,
483 987 602 1011 novas
631 975 788 1024 insuper
815 974 1019 1011 armandas
1047 973 1264 1023 insumpsit,
1292 973 1348 1010 ita
1375 972 1490 1010 modo

86 1040 133 1077 de
162 1040 341 1090 Philippo
370 1042 601 1091 triumphari
629 1055 739 1091 posse
768 1047 874 1079 ratus
894 1042 925 1079 si
954 1042 1159 1091 imperium
1187 1041 1302 1079 maris
1330 1040 1491 1078 Atheni-

85 1121 193 1146 enses
213 1109 481 1147 obtinuissent.

503 1315 703 1362 Phillppus
721 1316 874 1352 Alaster
891 1316 935 1362 (gf
950 1317 1084 1352 (ἕνεκα

142 1421 458 1462 l90.--lnterim
486 1421 690 1471 Philippus
719 1435 793 1471 quo
822 1421 970 1458 facilius
999 1435 1066 1459 sua
1086 1421 1242 1459 consilia
1270 1435 1490 1470 exsequere-

85 1493 148 1526 tur
184 1490 324 1527 amicos
370 1489 572 1539 largitione
619 1494 658 1527 et
703 1489 928 1539 corruptelis
974 1489 1071 1527 elam
1117 1490 1190 1527 sibi
1235 1490 1488 1527 devinciebat.

86 1558 256 1605 Quorum
276 1559 316 1595 in
335 1571 494 1596 numero
514 1558 727 1596 Aeschines
747 1558 1008 1605 Atheniensis,
1031 1559 1091 1596 vir
1117 1558 1308 1596 maximus
1336 1558 1491 1607 ingenio

84 1626 187 1663 idem
215 1631 343 1663 orator
372 1625 656 1673 disertissimus,
679 1639 764 1663 cum
793 1627 832 1663 in
862 1627 1064 1664 concilium
1093 1626 1326 1664 Graecorum
1354 1626 1491 1662 missus

85 1699 194 1740 esset,
217 1699 261 1731 ut
280 1694 423 1732 bellum
443 1694 674 1744 Amphissae
694 1694 929 1732 indiceretur
948 1708 1071 1744 neque
1090 1695 1231 1732 iustam
1252 1695 1300 1732 ob
1320 1707 1491 1732 caussam

86 1764 220 1809 effecit,
242 1769 360 1812 utque
381 1764 584 1813 Philippus
613 1764 729 1813 copiis
750 1764 937 1801 sociorum
966 1764 1237 1813 praeficeretur
1256 1763 1487 1813 impetravit.

85 1832 200 1869 Brevi
229 1833 353 1881 spatio
387 1832 588 1870 interiecto
609 1833 832 1882 Philippum
862 1832 1012 1869 Elateia
1031 1833 1209 1881 potitum,
1232 1832 1270 1869 in
1290 1831 1491 1869 Boeotiam

85 1900 333 1950 Atticamque
362 1906 584 1950 promptum
612 1901 686 1938 iter
713 1901 854 1938 habere
883 1902 1107 1939 nuntiatum
1135 1905 1202 1939 est.
1261 1901 1360 1938 Tum
1389 1900 1491 1950 apud

84 1970 316 2016 concionem,
338 1969 534 2007 exterritis
563 1969 698 2007 ceteris
718 1983 841 2019 neque
871 1969 1082 2019 quidquam
1101 1983 1191 2019 prae
1220 1974 1325 2007 metu
1345 1970 1490 2007 hiscere

85 2037 326 2083 audentibus,
357 2050 455 2074 unus
484 2037 765 2075 Demosthenes
794 2037 960 2075 foederis
989 2051 1075 2075 cum
1104 2038 1298 2075 Thebanis
1326 2037 1491 2075 faciendi

86 2106 251 2155 bellique
288 2105 470 2155 Philippo
508 2105 704 2143 indicendi
742 2111 874 2144 auctor
910 2107 994 2144 fuit.
1053 2106 1172 2144 Cuius
1209 2107 1368 2144 monitis
1405 2120 1490 2143 cum

88 2174 396 2224 obtemperatum
424 2179 534 2221 esset,
558 2174 814 2212 Athenienses
838 2175 1089 2225 Thebanique
1119 2176 1272 2213 obviam
1296 2176 1377 2225 regi
1398 2176 1491 2212 facti

86 2247 186 2280 sunt.
245 2243 438 2280 Atrociter
466 2249 679 2292 pugnatum
710 2248 790 2290 est,
820 2244 911 2281 socii
934 2244 1092 2281 tandem
1112 2257 1252 2294 magno
1273 2257 1359 2281 cuni
1379 2244 1493 2281 detri-

86 2316 217 2348 mento
238 2311 287 2348 ad
306 2311 570 2349 Chaeroneam
591 2312 775 2361 oppidum
797 2312 979 2350 Boeotiae
1000 2313 1093 2350 victi
1114 2319 1216 2351 sunt.
