1559 2463
97 100 140 134 18
317 99 552 137 SECOND
580 100 769 136 LATJN
788 101 1064 138 READING
1092 101 1260 138 BOOK.
1324 99 1443 150 [PART
1463 113 1486 138 1.

90 216 248 258 tumque
269 210 424 257 dimitti,
448 216 491 247 ut
520 211 786 249 renuntiarent
814 212 962 260 Pyrrho
983 225 1230 260 quaecunque
1258 225 1280 248 a
1307 212 1490 250 Romanis

90 283 302 327 agerentur.
361 278 573 316 Commissa
604 291 695 316 mox
727 292 867 328 pugna,
901 292 986 316 cum
1018 279 1095 317 iam
1123 279 1294 328 Pyrrhus
1326 279 1487 330 fugeret,

90 346 382 395 elephantorum
401 346 544 383 auxilio
566 347 667 392 vicit,
690 360 784 396 quos
812 347 1028 397 incognitos
1048 347 1212 385 Romani
1240 352 1487 397 expaverunt.

90 415 312 465 Pugnantes
349 428 427 453 nox
464 415 641 461 diremit3
686 415 876 454 Laevinus
913 421 1041 453 tamen
1078 429 1146 465 per
1181 421 1332 454 noctem
1377 416 1489 466 fugit,

89 485 260 533 Pyrrhus
279 485 472 522 Romanos
492 484 596 521 mille
615 485 856 534 octingentos
885 485 984 534 cepit
1013 498 1150 534 eosque
1170 498 1318 523 summo
1346 485 1490 523 honore

89 553 280 599 tractavit,
302 553 442 590 occisos
462 553 699 602 sepeliendos
720 553 876 591 curavit.
936 553 1038 600 Quos
1053 567 1138 590 cum
1154 553 1313 591 adverso
1333 554 1489 591 vulnere

89 627 128 659 et
156 623 253 659 truci
283 621 392 659 vultu
422 622 537 659 etiam
566 628 735 659 mortuos
764 623 885 659 iacere
906 622 1075 667 vidisset,
1107 622 1238 659 tulisse
1267 622 1315 659 ad
1344 622 1489 659 caelum

89 703 223 728 manus
260 690 401 727 dicitur
438 704 523 728 cum
553 691 622 728 hac
656 704 770 728 voce:
800 704 838 728 se
872 691 991 728 totius
1036 691 1137 729 orbis
1174 690 1372 728 dominum
1409 704 1488 728 esse

88 759 268 808 potuisse,
290 759 321 796 si
341 759 436 796 tales
456 759 529 796 sibi
549 759 690 796 milites
711 759 970 809 contigissent.

505 909 756 955 ngrotiatiaus
775 911 866 946 willa
886 911 1072 956 Pyrrhus.

140 1000 408 1041 37.—Postea
427 999 600 1048 Pyrrhus
619 1000 760 1037 iunctis
781 1000 851 1037 sibi
880 999 1012 1036 multis
1032 1013 1050 1036 e
1072 1000 1310 1037 Samnitibus
1330 1000 1488 1048 aliisque

87 1069 266 1119 gentibus
287 1068 352 1117 qui
373 1067 460 1104 odio
481 1067 620 1105 infensi
642 1067 680 1104 in
701 1068 896 1104 Romanos
926 1072 1046 1113 erant,
1070 1068 1198 1105 omnia
1225 1068 1324 1104 ferro
1345 1072 1383 1104 et
1402 1068 1489 1117 igne

87 1138 263 1175 vastavit.
323 1136 458 1186 Legati
486 1136 533 1173 ad
563 1136 756 1185 Pyrrhum
785 1136 832 1174 de
858 1136 1090 1173 redimendis
1119 1136 1280 1185 captivis
1308 1136 1413 1172 missi
1442 1136 1489 1172 ab

87 1220 132 1244 eo
179 1206 384 1243 honorifice
430 1205 581 1253 excepti
619 1209 718 1250 sunt,
757 1205 899 1253 captivi
937 1205 1016 1241 sine
1054 1205 1177 1253 pretio
1214 1203 1489 1252 redemptionis

88 1275 251 1312 Romam
284 1273 399 1310 missi.
471 1272 604 1309 Unum
642 1285 690 1309 ex
735 1272 870 1321 legatis
908 1273 1179 1319 Romanorum,
1219 1272 1278 1309 cui
1314 1271 1489 1309 Fabricio

87 1355 227 1380 nomen
248 1346 342 1387 erat,
363 1341 415 1378 sic
435 1341 646 1378 admiratus
667 1345 736 1386 est,
756 1346 800 1377 ut
820 1354 905 1378 011111
925 1354 1011 1378 eum
1031 1354 1236 1390 pauperem
1256 1353 1336 1378 esse
1355 1353 1489 1389 cogno-

88 1412 218 1458 visset,
254 1415 391 1460 quarta
422 1415 530 1459 parte
563 1410 669 1459 regni
701 1409 887 1458 promissa
920 1409 1122 1447 sollicitare
1156 1409 1271 1446 vellet
1300 1413 1344 1446 ut
1371 1408 1419 1446 ad
1451 1421 1489 1445 se

88 1481 268 1519 transiret
282 1495 292 1527 3
321 1492 435 1529 quam
450 1478 709 1516 conditionem
730 1479 915 1527 sprevisse
934 1479 1151 1516 Fabricium
1166 1479 1290 1515 virum
1310 1482 1489 1526 expertae

88 1548 292 1600 probitatis
322 1552 494 1585 auctores
527 1551 696 1584 narrant.
765 1546 889 1593 Quare
920 1560 1005 1583 cum
1036 1546 1207 1595 Pyrrhus
1241 1546 1387 1595 ingenti
1416 1546 1489 1583 Ro-

89 1630 289 1655 manorum
318 1614 570 1653 admiratione
599 1618 803 1659 teneretur⁷
827 1614 996 1663 legatum
1016 1613 1132 1659 misit,
1153 1613 1278 1650 virum
1297 1613 1336 1649 in
1356 1613 1489 1662 primis

89 1685 306 1731 facundum,
346 1684 505 1721 Cineam
543 1682 708 1728 nomine,
748 1682 814 1731 qui
850 1696 981 1731 pacem
1028 1682 1157 1731 aequis
1203 1681 1489 1719 condicionibus

90 1760 248 1806 peteret,
287 1754 343 1791 ita
379 1757 422 1790 ut
458 1751 631 1801 Pyrrhus
668 1764 783 1800 quam
820 1751 895 1788 iam
933 1751 1047 1788 armis
1085 1755 1314 1800 occupasset,
1354 1751 1488 1788 Italiae

91 1828 239 1873 partem
260 1822 462 1860 obtineret.

550 1930 732 1965 Renewal
746 1929 793 1974 os
802 1929 1018 1965 Hostilities.

145 2021 372 2062 38.—Cum
400 2033 476 2069 pax
495 2019 679 2056 Romanis
708 2018 935 2067 displiceret,
955 2018 1072 2068 legati
1091 2018 1139 2055 ad
1167 2018 1358 2067 Pyrrhum
1386 2018 1491 2055 missi

93 2096 183 2129 sunt
203 2090 268 2139 qui
286 2088 520 2128 nuntiarent.
543 2099 630 2124 eum
649 2099 734 2123 cum
753 2086 948 2132 Romanis,
970 2086 1043 2123 nisi
1062 2099 1111 2123 ex
1130 2085 1244 2123 Italia
1262 2085 1488 2130 recessisset,

93 2173 225 2212 pacem
260 2158 400 2195 habere
445 2169 522 2193 non
558 2168 680 2205 posse.
738 2154 836 2192 Tum
882 2154 1046 2192 Romani
1091 2154 1285 2192 iusserunt
1320 2153 1490 2203 captivos

94 2242 237 2274 omnes,
269 2240 363 2276 quos
394 2224 566 2274 Pyrrhus
598 2223 831 2268 reddiderat,
861 2223 1022 2261 infames
1042 2222 1185 2269 haberi,
1217 2223 1320 2272 quod
1352 2223 1490 2260 armati

92 2298 309 2349 potuissent
337 2294 431 2343 capi,
452 2306 521 2330 nec
550 2298 638 2330 ante
667 2305 729 2329 eos
758 2291 806 2329 ad
834 2297 1003 2329 veterem
1032 2296 1175 2329 statum
1203 2291 1354 2337 reverti,
1376 2304 1490 2340 quam

92 2367 269 2404 binorum
306 2362 475 2400 hostium
521 2361 731 2398 occisorum
767 2359 888 2409 spolia
932 2359 1164 2398 retulissent.
1238 2360 1298 2396 Ita
1343 2359 1490 2409 legatus
