1559 2463
93 77 197 102 PART
218 64 276 116 11.]
474 66 735 102 HISTORY
764 66 840 102 OF
864 66 1112 102 GREECE.
1443 64 1491 109 89

91 173 182 210 belli
226 172 383 222 gerendi
430 172 746 221 circumspicere,
813 172 917 209 idem
972 174 1206 208 commeatus
1260 183 1490 219 comparare,

89 254 208 279 novas
236 241 362 290 copias
389 241 578 278 instruere
607 240 712 290 prius
743 240 955 288 constituit,
986 255 1101 291 quam
1130 242 1363 279 Graecorum
1391 239 1491 276 vires

91 310 252 347 recreari
278 314 445 359 possent.

569 395 772 442 Philippus
791 395 830 430 in
856 396 1005 430 Thrace.

145 480 238 517 185.
246 478 501 527 —Philippus
521 482 649 515 autem
669 491 754 514 cum
768 478 1006 527 Amphipoli,
1028 491 1141 527 quam
1158 479 1302 523 urbem,
1319 482 1362 514 ut
1378 490 1492 525 supra

89 547 394 584 demonstratum
423 552 491 593 est,
512 546 769 584 Athenienses
798 546 898 584 bello
929 547 1252 595 Peloponnesiaco
1272 547 1490 592 amiserant,

88 615 128 652 vi
155 615 302 664 potitus
331 620 441 661 esset,
468 615 613 652 veritus
642 627 689 651 ne
719 614 941 663 Olynthiaci
970 628 1054 651 cum
1074 614 1379 651 Atheniensibus
1408 627 1492 651 con-

87 684 208 721 iuncti
238 685 371 722 urbem
402 684 568 733 recipere
598 688 838 729 conarentur,
874 683 1029 721 eosdem
1057 683 1280 721 muneribus
1309 683 1487 731 corrupit.

89 752 188 789 Tum
225 752 430 801 Strymone
459 752 575 789 fluvio
604 751 763 789 traiecto
798 764 977 801 magnam
1005 751 1187 788 Thraciae
1220 755 1368 800 partem
1403 764 1491 787 suae

87 820 246 858 (litionis
278 821 378 867 fecit,
414 820 522 870 parvi
554 820 813 857 Athenienses
846 820 998 866 faciens,
1034 833 1120 857 cum
1151 825 1189 857 et
1221 821 1300 869 ipse
1332 833 1490 869 magnas

88 889 371 938 conscripsisset
391 890 527 938 copias,
551 889 653 926 idem
673 902 743 937 ope
765 888 1082 938 Olynthiacorum
1098 890 1218 926 fretus
1239 889 1366 926 omnia
1385 888 1490 925 domi

87 961 172 994 tuta
192 957 440 994 existimaret.
498 957 633 1006 Neque
653 957 912 994 Athenienses
927 957 1067 994 fefellit
1087 957 1178 1006 quid
1194 970 1262 994 rex
1277 957 1487 1003 moliretur,

86 1025 152 1063 secl
173 1026 314 1063 auxilio
336 1026 654 1074 Olynthiacorum
673 1026 862 1072 destituti,
884 1026 1083 1063 fortiorem
1110 1039 1240 1076 regem
1260 1039 1340 1063 esse
1361 1025 1489 1063 existi-

87 1094 245 1132 mabant
264 1107 380 1144 quam
400 1094 459 1132 cui
478 1094 605 1132 resisti
624 1099 763 1143 posset.

604 1209 642 1244 T
636 1209 680 1244 lte
697 1208 836 1245 δασέα’
865 1209 966 1244 thr.

139 1291 494 1340 mei—Philippus
522 1291 693 1337 tandem,
724 1292 960 1328 occasionem
989 1296 1134 1337 nactus,
1169 1305 1327 1341 magnas
1360 1291 1487 1340 copias

85 1359 254 1397 subsidio
292 1360 485 1397 Thebanis
526 1360 566 1396 in
603 1359 774 1397 Phocida
810 1360 933 1406 duxit,
969 1359 1233 1397 accusantibus
1272 1360 1488 1397 Phocenses

85 1427 277 1466 Thebanis
307 1429 409 1478 quod
439 1442 614 1478 campum
642 1429 840 1466 Crisaeum
872 1434 1000 1479 spreta
1037 1429 1220 1478 religione
1258 1428 1488 1476 coluissent,

83 1510 163 1534 esse
184 1497 285 1534 enim
306 1510 389 1534 eam
404 1498 600 1547 regionem
615 1497 700 1534 Diis
716 1511 871 1544 sacram,
889 1511 1011 1547 neque
1027 1498 1204 1546 cuiquam
1219 1510 1267 1533 ex
1283 1510 1326 1534 ea
1340 1498 1487 1534 fructus

82 1566 274 1615 percipere
295 1565 417 1603 licere.
474 1566 689 1603 Phocenses
709 1572 836 1604 autem
857 1567 944 1604 fano
965 1566 1157 1616 Apollinis
1186 1566 1362 1615 Delphici
1390 1580 1487 1603 com-

81 1633 214 1682 pilato,
253 1634 475 1684 ingentibus
503 1648 652 1673 necnon
689 1635 879 1673 thesauris
917 1635 1041 1685 potiti,
1074 1648 1159 1671 cum
1187 1635 1485 1672 Atheniensium

83 1702 434 1753 Spartanorumque
472 1718 583 1753 opem
619 1705 901 1753 impetrassent,
941 1717 1124 1754 magnum
1162 1704 1374 1741 exercitum
1415 1705 1485 1742 col-

80 1771 264 1820 legerunt.
324 1772 408 1819 Qua
435 1785 474 1809 re
504 1773 657 1822 cognita
684 1773 888 1822 Philippus
917 1787 1001 1810 cum
1028 1787 1067 1810 se
1087 1773 1281 1811 Thebanis
1301 1774 1484 1811 coniunx-

80 1840 183 1887 isset,
204 1842 353 1891 magnis
372 1842 575 1879 itineribus
603 1842 642 1878 in
671 1842 909 1880 Thessaliam
938 1843 1146 1880 contendit.
1205 1843 1302 1880 Inde
1323 1843 1484 1881 devictis

80 1908 341 1947 Phocensibus
369 1910 646 1959 Thermopylas
680 1915 783 1948 recta
811 1911 960 1960 pergit,
1002 1924 1096 1961 quas
1129 1924 1215 1948 cum
1245 1912 1294 1948 ab
1323 1911 1484 1949 Atheni-

80 1978 234 2016 ensibus
254 1979 421 2016 obtineri
441 1979 787 2026 animadvmtisset,
805 1980 907 2017 haud
924 1981 1126 2017 immemor
1139 1985 1282 2028 quanto
1299 1981 1482 2029 sanguine

78 2048 312 2085 constitisset
331 2053 489 2086 conatus
508 2049 572 2086 ille
591 2049 805 2095 Persarum,
827 2063 867 2086 re
887 2049 1031 2087 infecta
1050 2049 1206 2086 domum
1226 2049 1349 2087 rediit.

552 2180 591 2214 T
586 2178 628 2214 lle
647 2179 740 2214 Fal!
755 2179 800 2225 (ff
818 2180 1010 2225 Ohwffms.

134 2260 383 2298 187.—Tum
403 2273 493 2298 vero
515 2261 735 2310 Olynthiaci
759 2262 972 2310 potentiam
1001 2261 1257 2299 Macedonum
1287 2263 1481 2312 pertimes-

76 2332 213 2374 centes,
229 2328 374 2378 legatos
387 2329 561 2367 Athenas
574 2330 761 2367 miserunt
774 2331 839 2380 qui
855 2331 1036 2368 docerent
1052 2338 1196 2379 quanto
1210 2332 1249 2368 in
1262 2332 1480 2370 discrimine
