<?xml version="1.0" encoding="UTF-8"?>
<!DOCTYPE html PUBLIC "-//W3C//DTD XHTML 1.0 Transitional//EN"
    "http://www.w3.org/TR/xhtml1/DTD/xhtml1-transitional.dtd">
<html xmlns="http://www.w3.org/1999/xhtml" xml:lang="en" lang="en">
 <head>
  <title>
</title>
<meta http-equiv="Content-Type" content="text/html;charset=utf-8" />
  <meta name='ocr-system' content='tesseract 3.04.00' />
  <meta name='ocr-capabilities' content='ocr_page ocr_carea ocr_par ocr_line ocrx_word'/>
</head>
<body>
  <div class='ocr_page' id='page_1' title='image "./secondlatinreadi00benn_0042.png"; bbox 0 0 1559 2463; ppageno 0'>
   <div class='ocr_carea' id='block_1_1' title="bbox 79 75 1471 127">
    <p class='ocr_par' dir='ltr' id='par_1_1' title="bbox 79 75 1471 127">
     <span class='ocr_line' id='line_1_1' title="bbox 79 75 1471 127; baseline -0.005 -9"><span class='ocrx_word' id='word_1_1' title='bbox 79 95 125 127; x_wconf 88' lang='lat'>24</span> <span class='ocrx_word' id='word_1_2' title='bbox 302 80 372 116; x_wconf 83' lang='lat' dir='ltr'>SE</span> <span class='ocrx_word' id='word_1_3' title='bbox 379 80 538 116; x_wconf 84' lang='lat' dir='ltr'><em>CONJ)</em></span> <span class='ocrx_word' id='word_1_4' title='bbox 564 79 637 114; x_wconf 84' lang='lat' dir='ltr'>LA</span> <span class='ocrx_word' id='word_1_5' title='bbox 648 79 755 115; x_wconf 85' lang='lat' dir='ltr'>TIN</span> <span class='ocrx_word' id='word_1_6' title='bbox 774 79 1052 116; x_wconf 82' lang='lat' dir='ltr'><em>READING</em></span> <span class='ocrx_word' id='word_1_7' title='bbox 1082 78 1250 115; x_wconf 83' lang='lat' dir='ltr'><em>BOOK.</em></span> <span class='ocrx_word' id='word_1_8' title='bbox 1307 75 1428 126; x_wconf 85' lang='lat' dir='ltr'>[PART</span> <span class='ocrx_word' id='word_1_9' title='bbox 1448 86 1471 111; x_wconf 90' lang='lat'>1.</span> 
     </span>
    </p>
   </div>
   <div class='ocr_carea' id='block_1_2' title="bbox 75 188 1479 581">
    <p class='ocr_par' dir='ltr' id='par_1_2' title="bbox 75 188 1479 581">
     <span class='ocr_line' id='line_1_2' title="bbox 76 188 1478 239; baseline -0.004 -9"><span class='ocrx_word' id='word_1_10' title='bbox 76 192 215 230; x_wconf 82' lang='lat' dir='ltr'>fefellit</span> <span class='ocrx_word' id='word_1_11' title='bbox 234 195 426 229; x_wconf 86' lang='lat' dir='ltr'>maturato</span> <span class='ocrx_word' id='word_1_12' title='bbox 447 203 540 239; x_wconf 88' lang='lat' dir='ltr'>opus</span> <span class='ocrx_word' id='word_1_13' title='bbox 569 203 648 227; x_wconf 88' lang='lat' dir='ltr'>esse</span> <span class='ocrx_word' id='word_1_14' title='bbox 677 203 724 227; x_wconf 91' lang='lat' dir='ltr'>ne</span> <span class='ocrx_word' id='word_1_15' title='bbox 753 190 917 227; x_wconf 86' lang='lat' dir='ltr'>Romani</span> <span class='ocrx_word' id='word_1_16' title='bbox 946 202 1032 227; x_wconf 88' lang='lat' dir='ltr'>cum</span> <span class='ocrx_word' id='word_1_17' title='bbox 1052 189 1173 226; x_wconf 82' lang='lat' dir='ltr'>Gallis</span> <span class='ocrx_word' id='word_1_18' title='bbox 1192 188 1384 226; x_wconf 87' lang='lat' dir='ltr'>coniuncti</span> <span class='ocrx_word' id='word_1_19' title='bbox 1403 188 1478 225; x_wconf 89' lang='lat' dir='ltr'>iter</span> 
     </span>
     <span class='ocr_line' id='line_1_3' title="bbox 76 257 1478 310; baseline -0.004 -12"><span class='ocrx_word' id='word_1_20' title='bbox 76 260 319 310; x_wconf 69' lang='lat' dir='ltr'>impedirent.</span> <span class='ocrx_word' id='word_1_21' title='bbox 379 259 526 308; x_wconf 83' lang='lat' dir='ltr'>Spretis</span> <span class='ocrx_word' id='word_1_22' title='bbox 546 264 675 296; x_wconf 87' lang='lat' dir='ltr'>tamen</span> <span class='ocrx_word' id='word_1_23' title='bbox 695 258 874 307; x_wconf 89' lang='lat' dir='ltr'>periculis</span> <span class='ocrx_word' id='word_1_24' title='bbox 894 271 1008 307; x_wconf 86' lang='lat' dir='ltr'>quam</span> <span class='ocrx_word' id='word_1_25' title='bbox 1029 257 1221 295; x_wconf 82' lang='lat' dir='ltr'>celerrime</span> <span class='ocrx_word' id='word_1_26' title='bbox 1240 257 1368 306; x_wconf 88' lang='lat' dir='ltr'>potuit</span> <span class='ocrx_word' id='word_1_27' title='bbox 1395 268 1478 305; x_wconf 90' lang='lat' dir='ltr'>pro-</span> 
     </span>
     <span class='ocr_line' id='line_1_4' title="bbox 77 324 1474 375; baseline -0.004 -9"><span class='ocrx_word' id='word_1_28' title='bbox 77 330 210 375; x_wconf 87' lang='lat' dir='ltr'>fectus,</span> <span class='ocrx_word' id='word_1_29' title='bbox 241 331 393 365; x_wconf 88' lang='lat' dir='ltr'>montes</span> <span class='ocrx_word' id='word_1_30' title='bbox 424 327 641 375; x_wconf 85' lang='lat' dir='ltr'>flumenque</span> <span class='ocrx_word' id='word_1_31' title='bbox 661 326 815 363; x_wconf 85' lang='lat' dir='ltr'>transiit</span> <span class='ocrx_word' id='word_1_32' title='bbox 843 326 987 363; x_wconf 81' lang='lat' dir='ltr'>frustra</span> <span class='ocrx_word' id='word_1_33' title='bbox 1018 325 1323 375; x_wconf 71' lang='lat' dir='ltr'>repugnantibus</span> <span class='ocrx_word' id='word_1_34' title='bbox 1344 324 1474 362; x_wconf 83' lang='lat' dir='ltr'>Gallis.</span> 
     </span>
     <span class='ocr_line' id='line_1_5' title="bbox 75 393 1479 446; baseline -0.004 -10"><span class='ocrx_word' id='word_1_35' title='bbox 75 399 178 446; x_wconf 74' lang='lat' dir='ltr'>Quot</span> <span class='ocrx_word' id='word_1_36' title='bbox 212 401 343 434; x_wconf 89' lang='lat' dir='ltr'>autem</span> <span class='ocrx_word' id='word_1_37' title='bbox 379 395 558 445; x_wconf 90' lang='lat' dir='ltr'>periculis</span> <span class='ocrx_word' id='word_1_38' title='bbox 596 395 825 444; x_wconf 72' lang='lat' dir='ltr'>quantisque</span> <span class='ocrx_word' id='word_1_39' title='bbox 858 394 1148 431; x_wconf 87' lang='lat' dir='ltr'>difficultatibus</span> <span class='ocrx_word' id='word_1_40' title='bbox 1184 407 1222 431; x_wconf 89' lang='lat' dir='ltr'>se</span> <span class='ocrx_word' id='word_1_41' title='bbox 1259 393 1479 442; x_wconf 89' lang='lat' dir='ltr'>opposuerit</span> 
     </span>
     <span class='ocr_line' id='line_1_6' title="bbox 77 461 1478 517; baseline -0.004 -13"><span class='ocrx_word' id='word_1_42' title='bbox 77 466 276 517; x_wconf 79' lang='lat' dir='ltr'>apparebit</span> <span class='ocrx_word' id='word_1_43' title='bbox 313 465 344 502; x_wconf 85' lang='lat' dir='ltr'>si</span> <span class='ocrx_word' id='word_1_44' title='bbox 379 464 616 513; x_wconf 81' lang='lat' dir='ltr'>reputaveris</span> <span class='ocrx_word' id='word_1_45' title='bbox 650 476 737 500; x_wconf 89' lang='lat' dir='ltr'>eum</span> <span class='ocrx_word' id='word_1_46' title='bbox 765 463 805 499; x_wconf 91' lang='lat' dir='ltr'>in</span> <span class='ocrx_word' id='word_1_47' title='bbox 837 462 975 500; x_wconf 90' lang='lat' dir='ltr'>itinere</span> <span class='ocrx_word' id='word_1_48' title='bbox 1012 475 1061 500; x_wconf 86' lang='lat' dir='ltr'>ex</span> <span class='ocrx_word' id='word_1_49' title='bbox 1089 462 1289 511; x_wconf 80' lang='lat' dir='ltr'>sexaginta</span> <span class='ocrx_word' id='word_1_50' title='bbox 1324 461 1478 498; x_wconf 86' lang='lat' dir='ltr'>milibus</span> 
     </span>
     <span class='ocr_line' id='line_1_7' title="bbox 78 530 1020 581; baseline -0.006 -7"><span class='ocrx_word' id='word_1_51' title='bbox 78 536 278 575; x_wconf 87' lang='lat' dir='ltr'>hominum</span> <span class='ocrx_word' id='word_1_52' title='bbox 299 533 347 572; x_wconf 83' lang='lat' dir='ltr'>ad</span> <span class='ocrx_word' id='word_1_53' title='bbox 369 546 436 571; x_wconf 82' lang='lat' dir='ltr'>sex</span> <span class='ocrx_word' id='word_1_54' title='bbox 456 537 494 570; x_wconf 89' lang='lat' dir='ltr'>et</span> <span class='ocrx_word' id='word_1_55' title='bbox 513 532 653 581; x_wconf 83' lang='lat' dir='ltr'>viginti</span> <span class='ocrx_word' id='word_1_56' title='bbox 673 532 779 569; x_wconf 89' lang='lat' dir='ltr'>milia</span> <span class='ocrx_word' id='word_1_57' title='bbox 799 530 1020 581; x_wconf 82' lang='lat' dir='ltr'>perdidisse.</span> 
     </span>
    </p>
   </div>
   <div class='ocr_carea' id='block_1_3' title="bbox 462 689 1097 736">
    <p class='ocr_par' dir='ltr' id='par_1_3' title="bbox 462 689 1097 736">
     <span class='ocr_line' id='line_1_8' title="bbox 462 689 1097 736; baseline -0.005 -9"><span class='ocrx_word' id='word_1_58' title='bbox 462 690 669 728; x_wconf 73' lang='lat' dir='ltr'>Hannibal</span> <span class='ocrx_word' id='word_1_59' title='bbox 684 689 821 736; x_wconf 71' lang='lat' dir='ltr'>deseass</span> <span class='ocrx_word' id='word_1_60' title='bbox 840 690 898 725; x_wconf 72' lang='lat' dir='ltr'>the</span> <span class='ocrx_word' id='word_1_61' title='bbox 918 690 1097 725; x_wconf 78' lang='lat' dir='ltr'>Romans.</span> 
     </span>
    </p>
   </div>
   <div class='ocr_carea' id='block_1_4' title="bbox 81 780 1486 1595">
    <p class='ocr_par' dir='ltr' id='par_1_4' title="bbox 81 780 1486 1595">
     <span class='ocr_line' id='line_1_9' title="bbox 132 780 1482 830; baseline -0.007 -5"><span class='ocrx_word' id='word_1_62' title='bbox 132 783 506 826; x_wconf 81' lang='lat' dir='ltr'>49.—Irruentibus</span> <span class='ocrx_word' id='word_1_63' title='bbox 527 781 666 820; x_wconf 80' lang='lat' dir='ltr'>Poenis</span> <span class='ocrx_word' id='word_1_64' title='bbox 689 794 803 830; x_wconf 88' lang='lat' dir='ltr'>quam</span> <span class='ocrx_word' id='word_1_65' title='bbox 832 781 998 829; x_wconf 87' lang='lat' dir='ltr'>primum</span> <span class='ocrx_word' id='word_1_66' title='bbox 1028 780 1179 817; x_wconf 79' lang='lat' dir='ltr'>obviam</span> <span class='ocrx_word' id='word_1_67' title='bbox 1203 780 1256 816; x_wconf 86' lang='lat' dir='ltr'>ire</span> <span class='ocrx_word' id='word_1_68' title='bbox 1278 780 1403 816; x_wconf 69' lang='lat' dir='ltr'>visum</span> <span class='ocrx_word' id='word_1_69' title='bbox 1426 783 1482 816; x_wconf 90' lang='lat' dir='ltr'>est</span> 
     </span>
     <span class='ocr_line' id='line_1_10' title="bbox 81 848 1483 906; baseline -0.007 -12"><span class='ocrx_word' id='word_1_70' title='bbox 81 856 264 906; x_wconf 86' lang='lat' dir='ltr'>patribus,</span> <span class='ocrx_word' id='word_1_71' title='bbox 296 867 381 891; x_wconf 88' lang='lat' dir='ltr'>cum</span> <span class='ocrx_word' id='word_1_72' title='bbox 414 851 592 889; x_wconf 81' lang='lat' dir='ltr'>certiores</span> <span class='ocrx_word' id='word_1_73' title='bbox 626 849 798 899; x_wconf 88' lang='lat' dir='ltr'>quotidie</span> <span class='ocrx_word' id='word_1_74' title='bbox 831 849 967 886; x_wconf 86' lang='lat' dir='ltr'>fierent</span> <span class='ocrx_word' id='word_1_75' title='bbox 995 848 1128 885; x_wconf 81' lang='lat' dir='ltr'>Gallos</span> <span class='ocrx_word' id='word_1_76' title='bbox 1155 848 1370 897; x_wconf 75' lang='lat' dir='ltr'>Cisalpinos</span> <span class='ocrx_word' id='word_1_77' title='bbox 1398 861 1483 885; x_wconf 87' lang='lat' dir='ltr'>cum</span> 
     </span>
     <span class='ocr_line' id='line_1_11' title="bbox 82 916 1483 970; baseline -0.007 -7"><span class='ocrx_word' id='word_1_78' title='bbox 82 923 299 963; x_wconf 79' lang='lat' dir='ltr'>Hannibale</span> <span class='ocrx_word' id='word_1_79' title='bbox 329 935 366 960; x_wconf 90' lang='lat' dir='ltr'>se</span> <span class='ocrx_word' id='word_1_80' title='bbox 396 922 561 970; x_wconf 81' lang='lat' dir='ltr'>iungere.</span> <span class='ocrx_word' id='word_1_81' title='bbox 620 919 742 956; x_wconf 86' lang='lat' dir='ltr'>Misso</span> <span class='ocrx_word' id='word_1_82' title='bbox 770 918 889 967; x_wconf 73' lang='lat' dir='ltr'>igitur</span> <span class='ocrx_word' id='word_1_83' title='bbox 909 917 1079 954; x_wconf 82' lang='lat' dir='ltr'>exercitu</span> <span class='ocrx_word' id='word_1_84' title='bbox 1109 917 1285 966; x_wconf 81' lang='lat' dir='ltr'>Scipione</span> <span class='ocrx_word' id='word_1_85' title='bbox 1314 917 1408 954; x_wconf 87' lang='lat' dir='ltr'>duce</span> <span class='ocrx_word' id='word_1_86' title='bbox 1434 916 1483 954; x_wconf 85' lang='lat' dir='ltr'>ad</span> 
     </span>
     <span class='ocr_line' id='line_1_12' title="bbox 82 986 1485 1038; baseline -0.007 -6"><span class='ocrx_word' id='word_1_87' title='bbox 82 996 224 1033; x_wconf 78' lang='lat' dir='ltr'>flumen</span> <span class='ocrx_word' id='word_1_88' title='bbox 261 992 436 1029; x_wconf 80' lang='lat' dir='ltr'>Ticinum</span> <span class='ocrx_word' id='word_1_89' title='bbox 473 993 686 1038; x_wconf 77' lang='lat' dir='ltr'>pugnatum</span> <span class='ocrx_word' id='word_1_90' title='bbox 724 991 792 1024; x_wconf 86' lang='lat' dir='ltr'>est.</span> <span class='ocrx_word' id='word_1_91' title='bbox 854 986 932 1024; x_wconf 81' lang='lat' dir='ltr'>Vix</span> <span class='ocrx_word' id='word_1_92' title='bbox 968 987 1132 1023; x_wconf 82' lang='lat' dir='ltr'>Romam</span> <span class='ocrx_word' id='word_1_93' title='bbox 1169 986 1390 1023; x_wconf 88' lang='lat' dir='ltr'>nuntiatum</span> <span class='ocrx_word' id='word_1_94' title='bbox 1427 990 1485 1022; x_wconf 87' lang='lat' dir='ltr'>est</span> 
     </span>
     <span class='ocr_line' id='line_1_13' title="bbox 83 1056 1485 1108; baseline -0.008 -6"><span class='ocrx_word' id='word_1_95' title='bbox 83 1065 203 1103; x_wconf 85' lang='lat' dir='ltr'>victos</span> <span class='ocrx_word' id='word_1_96' title='bbox 236 1074 317 1099; x_wconf 82' lang='lat' dir='ltr'>esse</span> <span class='ocrx_word' id='word_1_97' title='bbox 346 1060 549 1104; x_wconf 84' lang='lat' dir='ltr'>Romanos,</span> <span class='ocrx_word' id='word_1_98' title='bbox 581 1062 619 1095; x_wconf 90' lang='lat' dir='ltr'>et</span> <span class='ocrx_word' id='word_1_99' title='bbox 647 1057 744 1093; x_wconf 86' lang='lat' dir='ltr'>alter</span> <span class='ocrx_word' id='word_1_100' title='bbox 772 1056 930 1108; x_wconf 83' lang='lat' dir='ltr'>nuntius</span> <span class='ocrx_word' id='word_1_101' title='bbox 959 1056 1096 1093; x_wconf 88' lang='lat' dir='ltr'>allatus</span> <span class='ocrx_word' id='word_1_102' title='bbox 1125 1060 1182 1093; x_wconf 88' lang='lat' dir='ltr'>est</span> <span class='ocrx_word' id='word_1_103' title='bbox 1210 1056 1373 1093; x_wconf 87' lang='lat' dir='ltr'>alterum</span> <span class='ocrx_word' id='word_1_104' title='bbox 1401 1068 1485 1092; x_wconf 89' lang='lat' dir='ltr'>con-</span> 
     </span>
     <span class='ocr_line' id='line_1_14' title="bbox 84 1125 1486 1174; baseline -0.008 -2"><span class='ocrx_word' id='word_1_105' title='bbox 84 1134 205 1172; x_wconf 81' lang='lat' dir='ltr'>sulem</span> <span class='ocrx_word' id='word_1_106' title='bbox 225 1131 273 1169; x_wconf 87' lang='lat' dir='ltr'>ad</span> <span class='ocrx_word' id='word_1_107' title='bbox 289 1129 468 1168; x_wconf 85' lang='lat' dir='ltr'>Trebiam</span> <span class='ocrx_word' id='word_1_108' title='bbox 488 1128 631 1164; x_wconf 87' lang='lat' dir='ltr'>flumen</span> <span class='ocrx_word' id='word_1_109' title='bbox 651 1126 797 1164; x_wconf 83' lang='lat' dir='ltr'>victum</span> <span class='ocrx_word' id='word_1_110' title='bbox 817 1126 856 1162; x_wconf 91' lang='lat' dir='ltr'>in</span> <span class='ocrx_word' id='word_1_111' title='bbox 876 1125 1006 1174; x_wconf 73' lang='lat' dir='ltr'>fugam</span> <span class='ocrx_word' id='word_1_112' title='bbox 1026 1138 1064 1162; x_wconf 86' lang='lat' dir='ltr'>se</span> <span class='ocrx_word' id='word_1_113' title='bbox 1084 1125 1279 1174; x_wconf 84' lang='lat' dir='ltr'>recepisse.</span> <span class='ocrx_word' id='word_1_114' title='bbox 1329 1125 1486 1174; x_wconf 81' lang='lat' dir='ltr'>Magno-</span> 
     </span>
     <span class='ocr_line' id='line_1_15' title="bbox 84 1194 1484 1254; baseline -0.007 -13"><span class='ocrx_word' id='word_1_115' title='bbox 84 1216 171 1254; x_wconf 88' lang='lat' dir='ltr'>pere</span> <span class='ocrx_word' id='word_1_116' title='bbox 204 1202 349 1239; x_wconf 84' lang='lat' dir='ltr'>Romae</span> <span class='ocrx_word' id='word_1_117' title='bbox 382 1197 619 1247; x_wconf 83' lang='lat' dir='ltr'>trepidatum</span> <span class='ocrx_word' id='word_1_118' title='bbox 657 1200 725 1241; x_wconf 84' lang='lat' dir='ltr'>est,</span> <span class='ocrx_word' id='word_1_119' title='bbox 759 1208 845 1232; x_wconf 87' lang='lat' dir='ltr'>cum</span> <span class='ocrx_word' id='word_1_120' title='bbox 877 1195 1070 1232; x_wconf 84' lang='lat' dir='ltr'>videretur</span> <span class='ocrx_word' id='word_1_121' title='bbox 1103 1194 1299 1232; x_wconf 86' lang='lat' dir='ltr'>Hannibal</span> <span class='ocrx_word' id='word_1_122' title='bbox 1333 1199 1484 1232; x_wconf 86' lang='lat' dir='ltr'>tantum</span> 
     </span>
     <span class='ocr_line' id='line_1_16' title="bbox 85 1263 1486 1317; baseline -0.009 -6"><span class='ocrx_word' id='word_1_123' title='bbox 85 1286 161 1311; x_wconf 86' lang='lat' dir='ltr'>non</span> <span class='ocrx_word' id='word_1_124' title='bbox 183 1271 230 1309; x_wconf 85' lang='lat' dir='ltr'>ad</span> <span class='ocrx_word' id='word_1_125' title='bbox 250 1270 383 1307; x_wconf 87' lang='lat' dir='ltr'>urbem</span> <span class='ocrx_word' id='word_1_126' title='bbox 409 1266 637 1317; x_wconf 82' lang='lat' dir='ltr'>pervenisse.</span> <span class='ocrx_word' id='word_1_127' title='bbox 695 1265 733 1301; x_wconf 87' lang='lat' dir='ltr'>Is</span> <span class='ocrx_word' id='word_1_128' title='bbox 751 1269 880 1301; x_wconf 86' lang='lat' dir='ltr'>tamen</span> <span class='ocrx_word' id='word_1_129' title='bbox 902 1264 940 1300; x_wconf 91' lang='lat' dir='ltr'>in</span> <span class='ocrx_word' id='word_1_130' title='bbox 960 1263 1086 1301; x_wconf 82' lang='lat' dir='ltr'>Gallia</span> <span class='ocrx_word' id='word_1_131' title='bbox 1105 1263 1300 1312; x_wconf 85' lang='lat' dir='ltr'>Cisalpina</span> <span class='ocrx_word' id='word_1_132' title='bbox 1319 1263 1486 1300; x_wconf 80' lang='lat' dir='ltr'>hiemare</span> 
     </span>
     <span class='ocr_line' id='line_1_17' title="bbox 84 1332 1486 1387; baseline -0.008 -7"><span class='ocrx_word' id='word_1_133' title='bbox 84 1340 296 1384; x_wconf 82' lang='lat' dir='ltr'>constituit,</span> <span class='ocrx_word' id='word_1_134' title='bbox 321 1350 395 1387; x_wconf 88' lang='lat' dir='ltr'>quo</span> <span class='ocrx_word' id='word_1_135' title='bbox 423 1335 571 1373; x_wconf 78' lang='lat' dir='ltr'>facilius</span> <span class='ocrx_word' id='word_1_136' title='bbox 600 1333 778 1371; x_wconf 86' lang='lat' dir='ltr'>recreatis</span> <span class='ocrx_word' id='word_1_137' title='bbox 807 1346 961 1370; x_wconf 83' lang='lat' dir='ltr'>suorum</span> <span class='ocrx_word' id='word_1_138' title='bbox 989 1332 1144 1378; x_wconf 84' lang='lat' dir='ltr'>viribus,</span> <span class='ocrx_word' id='word_1_139' title='bbox 1176 1333 1297 1382; x_wconf 85' lang='lat' dir='ltr'>ipsam</span> <span class='ocrx_word' id='word_1_140' title='bbox 1324 1333 1486 1370; x_wconf 82' lang='lat' dir='ltr'>Romam</span> 
     </span>
     <span class='ocr_line' id='line_1_18' title="bbox 85 1402 1485 1462; baseline -0.008 -13"><span class='ocrx_word' id='word_1_141' title='bbox 85 1411 260 1462; x_wconf 80' lang='lat' dir='ltr'>proximo</span> <span class='ocrx_word' id='word_1_142' title='bbox 289 1420 388 1445; x_wconf 91' lang='lat' dir='ltr'>anno</span> <span class='ocrx_word' id='word_1_143' title='bbox 417 1405 641 1443; x_wconf 83' lang='lat' dir='ltr'>adoriretur.</span> <span class='ocrx_word' id='word_1_144' title='bbox 701 1403 845 1449; x_wconf 74' lang='lat' dir='ltr'>Quodsi</span> <span class='ocrx_word' id='word_1_145' title='bbox 874 1402 1022 1451; x_wconf 77' lang='lat' dir='ltr'>magnis</span> <span class='ocrx_word' id='word_1_146' title='bbox 1051 1402 1253 1439; x_wconf 90' lang='lat' dir='ltr'>itineribus</span> <span class='ocrx_word' id='word_1_147' title='bbox 1276 1402 1324 1439; x_wconf 86' lang='lat' dir='ltr'>ad</span> <span class='ocrx_word' id='word_1_148' title='bbox 1354 1402 1485 1439; x_wconf 90' lang='lat' dir='ltr'>urbem</span> 
     </span>
     <span class='ocr_line' id='line_1_19' title="bbox 85 1470 1486 1530; baseline -0.009 -12"><span class='ocrx_word' id='word_1_149' title='bbox 85 1481 190 1530; x_wconf 85' lang='lat' dir='ltr'>prius</span> <span class='ocrx_word' id='word_1_150' title='bbox 224 1477 438 1516; x_wconf 84' lang='lat' dir='ltr'>accessisset</span> <span class='ocrx_word' id='word_1_151' title='bbox 468 1487 582 1523; x_wconf 84' lang='lat' dir='ltr'>quam</span> <span class='ocrx_word' id='word_1_152' title='bbox 614 1472 711 1509; x_wconf 87' lang='lat' dir='ltr'>alius</span> <span class='ocrx_word' id='word_1_153' title='bbox 744 1472 934 1508; x_wconf 80' lang='lat' dir='ltr'>exercitus</span> <span class='ocrx_word' id='word_1_154' title='bbox 969 1471 1176 1519; x_wconf 86' lang='lat' dir='ltr'>comparari</span> <span class='ocrx_word' id='word_1_155' title='bbox 1209 1470 1408 1519; x_wconf 82' lang='lat' dir='ltr'>potuisset,</span> <span class='ocrx_word' id='word_1_156' title='bbox 1440 1470 1486 1507; x_wconf 87' lang='lat' dir='ltr'>de</span> 
     </span>
     <span class='ocr_line' id='line_1_20' title="bbox 88 1541 750 1595; baseline -0.017 -7"><span class='ocrx_word' id='word_1_157' title='bbox 88 1551 261 1589; x_wconf 76' lang='lat' dir='ltr'>Romano</span> <span class='ocrx_word' id='word_1_158' title='bbox 281 1545 440 1595; x_wconf 87' lang='lat' dir='ltr'>imperio</span> <span class='ocrx_word' id='word_1_159' title='bbox 460 1548 587 1581; x_wconf 85' lang='lat' dir='ltr'>actum</span> <span class='ocrx_word' id='word_1_160' title='bbox 606 1541 750 1578; x_wconf 82' lang='lat' dir='ltr'>fuisset.</span> 
     </span>
    </p>
   </div>
   <div class='ocr_carea' id='block_1_5' title="bbox 430 1698 1150 1746">
    <p class='ocr_par' dir='ltr' id='par_1_5' title="bbox 430 1698 1150 1746">
     <span class='ocr_line' id='line_1_21' title="bbox 430 1698 1150 1746; baseline -0.008 -8"><span class='ocrx_word' id='word_1_161' title='bbox 430 1703 467 1738; x_wconf 83' lang='lat' dir='ltr'>T</span> <span class='ocrx_word' id='word_1_162' title='bbox 463 1703 507 1737; x_wconf 77' lang='lat' dir='ltr'>lle</span> <span class='ocrx_word' id='word_1_163' title='bbox 524 1701 645 1736; x_wconf 65' lang='lat' dir='ltr'>Flam</span> <span class='ocrx_word' id='word_1_164' title='bbox 664 1699 707 1746; x_wconf 68' lang='lat' dir='ltr'>(ff</span> <span class='ocrx_word' id='word_1_165' title='bbox 721 1699 779 1734; x_wconf 70' lang='lat' dir='ltr'>she</span> <span class='ocrx_word' id='word_1_166' title='bbox 799 1700 947 1733; x_wconf 69' lang='lat' dir='ltr'>Roman</span> <span class='ocrx_word' id='word_1_167' title='bbox 967 1698 1150 1733; x_wconf 71' lang='lat' dir='ltr'>Dl&#39;clafm‘.</span> 
     </span>
    </p>
   </div>
   <div class='ocr_carea' id='block_1_6' title="bbox 90 1787 1493 2394">
    <p class='ocr_par' dir='ltr' id='par_1_6' title="bbox 90 1787 1493 2394">
     <span class='ocr_line' id='line_1_22' title="bbox 142 1787 1490 1838; baseline -0.008 -4"><span class='ocrx_word' id='word_1_168' title='bbox 142 1796 438 1838; x_wconf 88' lang='lat' dir='ltr'>50.—Ineunte</span> <span class='ocrx_word' id='word_1_169' title='bbox 467 1804 554 1830; x_wconf 86' lang='lat' dir='ltr'>vere</span> <span class='ocrx_word' id='word_1_170' title='bbox 583 1791 776 1828; x_wconf 82' lang='lat' dir='ltr'>Romanos</span> <span class='ocrx_word' id='word_1_171' title='bbox 810 1788 857 1825; x_wconf 89' lang='lat' dir='ltr'>ad</span> <span class='ocrx_word' id='word_1_172' title='bbox 890 1788 1013 1825; x_wconf 90' lang='lat' dir='ltr'>lacum</span> <span class='ocrx_word' id='word_1_173' title='bbox 1042 1787 1307 1825; x_wconf 89' lang='lat' dir='ltr'>Trasimenum</span> <span class='ocrx_word' id='word_1_174' title='bbox 1337 1787 1490 1824; x_wconf 89' lang='lat' dir='ltr'>circum-</span> 
     </span>
     <span class='ocr_line' id='line_1_23' title="bbox 90 1855 1486 1914; baseline -0.011 -8"><span class='ocrx_word' id='word_1_175' title='bbox 90 1873 226 1906; x_wconf 84' lang='lat' dir='ltr'>ventos</span> <span class='ocrx_word' id='word_1_176' title='bbox 264 1863 453 1914; x_wconf 87' lang='lat' dir='ltr'>oppressit</span> <span class='ocrx_word' id='word_1_177' title='bbox 485 1861 646 1898; x_wconf 87' lang='lat' dir='ltr'>Poenus.</span> <span class='ocrx_word' id='word_1_178' title='bbox 719 1858 803 1904; x_wconf 79' lang='lat' dir='ltr'>Qua</span> <span class='ocrx_word' id='word_1_179' title='bbox 839 1870 879 1894; x_wconf 89' lang='lat' dir='ltr'>re</span> <span class='ocrx_word' id='word_1_180' title='bbox 917 1857 1095 1894; x_wconf 86' lang='lat' dir='ltr'>nuntiata</span> <span class='ocrx_word' id='word_1_181' title='bbox 1132 1856 1272 1905; x_wconf 87' lang='lat' dir='ltr'>trepidi</span> <span class='ocrx_word' id='word_1_182' title='bbox 1309 1856 1409 1892; x_wconf 87' lang='lat' dir='ltr'>cives</span> <span class='ocrx_word' id='word_1_183' title='bbox 1443 1855 1486 1901; x_wconf 77' lang='lat' dir='ltr'>Q.</span> 
     </span>
     <span class='ocr_line' id='line_1_24' title="bbox 90 1924 1490 1974; baseline -0.011 0"><span class='ocrx_word' id='word_1_184' title='bbox 90 1936 251 1974; x_wconf 81' lang='lat' dir='ltr'>Fabium</span> <span class='ocrx_word' id='word_1_185' title='bbox 285 1931 501 1970; x_wconf 77' lang='lat' dir='ltr'>Maximum</span> <span class='ocrx_word' id='word_1_186' title='bbox 539 1928 767 1965; x_wconf 86' lang='lat' dir='ltr'>dictatorem</span> <span class='ocrx_word' id='word_1_187' title='bbox 804 1937 987 1962; x_wconf 86' lang='lat' dir='ltr'>creavere.</span> <span class='ocrx_word' id='word_1_188' title='bbox 1055 1924 1094 1961; x_wconf 90' lang='lat' dir='ltr'>Is</span> <span class='ocrx_word' id='word_1_189' title='bbox 1132 1937 1215 1961; x_wconf 91' lang='lat' dir='ltr'>cum</span> <span class='ocrx_word' id='word_1_190' title='bbox 1255 1924 1367 1961; x_wconf 89' lang='lat' dir='ltr'>sciret</span> <span class='ocrx_word' id='word_1_191' title='bbox 1404 1937 1490 1960; x_wconf 88' lang='lat' dir='ltr'>suos</span> 
     </span>
     <span class='ocr_line' id='line_1_25' title="bbox 91 1991 1492 2048; baseline -0.01 -6"><span class='ocrx_word' id='word_1_192' title='bbox 91 2004 228 2042; x_wconf 80' lang='lat' dir='ltr'>Poenis</span> <span class='ocrx_word' id='word_1_193' title='bbox 248 2014 328 2039; x_wconf 85' lang='lat' dir='ltr'>esse</span> <span class='ocrx_word' id='word_1_194' title='bbox 348 2000 521 2048; x_wconf 84' lang='lat' dir='ltr'>impares,</span> <span class='ocrx_word' id='word_1_195' title='bbox 542 1995 633 2033; x_wconf 85' lang='lat' dir='ltr'>belli</span> <span class='ocrx_word' id='word_1_196' title='bbox 653 1993 841 2031; x_wconf 78' lang='lat' dir='ltr'>rationem</span> <span class='ocrx_word' id='word_1_197' title='bbox 860 1992 1035 2030; x_wconf 82' lang='lat' dir='ltr'>mutavit.</span> <span class='ocrx_word' id='word_1_198' title='bbox 1091 1992 1227 2041; x_wconf 87' lang='lat' dir='ltr'>Neque</span> <span class='ocrx_word' id='word_1_199' title='bbox 1247 2005 1333 2028; x_wconf 87' lang='lat' dir='ltr'>eum</span> <span class='ocrx_word' id='word_1_200' title='bbox 1353 1991 1492 2029; x_wconf 81' lang='lat' dir='ltr'>fefellit</span> 
     </span>
     <span class='ocr_line' id='line_1_26' title="bbox 92 2059 1490 2111; baseline -0.01 -2"><span class='ocrx_word' id='word_1_201' title='bbox 92 2074 170 2109; x_wconf 72' lang='lat' dir='ltr'>fore</span> <span class='ocrx_word' id='word_1_202' title='bbox 191 2076 234 2107; x_wconf 91' lang='lat' dir='ltr'>ut</span> <span class='ocrx_word' id='word_1_203' title='bbox 253 2070 381 2106; x_wconf 86' lang='lat' dir='ltr'>hostes</span> <span class='ocrx_word' id='word_1_204' title='bbox 400 2071 460 2104; x_wconf 89' lang='lat' dir='ltr'>tot</span> <span class='ocrx_word' id='word_1_205' title='bbox 479 2064 632 2102; x_wconf 90' lang='lat' dir='ltr'>milibus</span> <span class='ocrx_word' id='word_1_206' title='bbox 651 2073 841 2111; x_wconf 85' lang='lat' dir='ltr'>passuum,</span> <span class='ocrx_word' id='word_1_207' title='bbox 864 2065 924 2097; x_wconf 90' lang='lat' dir='ltr'>tot</span> <span class='ocrx_word' id='word_1_208' title='bbox 951 2060 1157 2106; x_wconf 83' lang='lat' dir='ltr'>montibus,</span> <span class='ocrx_word' id='word_1_209' title='bbox 1179 2064 1238 2097; x_wconf 87' lang='lat' dir='ltr'>tot</span> <span class='ocrx_word' id='word_1_210' title='bbox 1258 2059 1490 2105; x_wconf 88' lang='lat' dir='ltr'>fluminibus,</span> 
     </span>
     <span class='ocr_line' id='line_1_27' title="bbox 92 2127 1490 2186; baseline -0.011 -8"><span class='ocrx_word' id='word_1_211' title='bbox 92 2140 186 2178; x_wconf 86' lang='lat' dir='ltr'>mari</span> <span class='ocrx_word' id='word_1_212' title='bbox 207 2138 371 2186; x_wconf 89' lang='lat' dir='ltr'>denique</span> <span class='ocrx_word' id='word_1_213' title='bbox 391 2149 412 2172; x_wconf 83' lang='lat' dir='ltr'>a</span> <span class='ocrx_word' id='word_1_214' title='bbox 438 2133 562 2184; x_wconf 87' lang='lat' dir='ltr'>patria</span> <span class='ocrx_word' id='word_1_215' title='bbox 582 2130 718 2169; x_wconf 87' lang='lat' dir='ltr'>semoti</span> <span class='ocrx_word' id='word_1_216' title='bbox 744 2130 782 2166; x_wconf 92' lang='lat' dir='ltr'>in</span> <span class='ocrx_word' id='word_1_217' title='bbox 810 2128 891 2165; x_wconf 84' lang='lat' dir='ltr'>dies</span> <span class='ocrx_word' id='word_1_218' title='bbox 919 2128 1146 2166; x_wconf 87' lang='lat' dir='ltr'>infirmiores</span> <span class='ocrx_word' id='word_1_219' title='bbox 1166 2127 1385 2172; x_wconf 82' lang='lat' dir='ltr'>evaderent,</span> <span class='ocrx_word' id='word_1_220' title='bbox 1406 2139 1490 2163; x_wconf 84' lang='lat' dir='ltr'>cum</span> 
     </span>
     <span class='ocr_line' id='line_1_28' title="bbox 92 2194 1491 2247; baseline -0.011 -1"><span class='ocrx_word' id='word_1_221' title='bbox 92 2211 130 2247; x_wconf 90' lang='lat' dir='ltr'>in</span> <span class='ocrx_word' id='word_1_222' title='bbox 181 2209 306 2245; x_wconf 85' lang='lat' dir='ltr'>locum</span> <span class='ocrx_word' id='word_1_223' title='bbox 352 2205 641 2241; x_wconf 85' lang='lat' dir='ltr'>demortuorum</span> <span class='ocrx_word' id='word_1_224' title='bbox 683 2209 926 2236; x_wconf 86' lang='lat' dir='ltr'>caesorumve</span> <span class='ocrx_word' id='word_1_225' title='bbox 977 2210 1097 2234; x_wconf 86' lang='lat' dir='ltr'>novae</span> <span class='ocrx_word' id='word_1_226' title='bbox 1148 2197 1277 2245; x_wconf 89' lang='lat' dir='ltr'>copiae</span> <span class='ocrx_word' id='word_1_227' title='bbox 1323 2194 1491 2243; x_wconf 85' lang='lat' dir='ltr'>suppleri</span> 
     </span>
     <span class='ocr_line' id='line_1_29' title="bbox 92 2262 1493 2326; baseline -0.012 -12"><span class='ocrx_word' id='word_1_228' title='bbox 92 2277 303 2326; x_wconf 76' lang='lat' dir='ltr'>nequirent.</span> <span class='ocrx_word' id='word_1_229' title='bbox 372 2274 508 2321; x_wconf 88' lang='lat' dir='ltr'>Itaque</span> <span class='ocrx_word' id='word_1_230' title='bbox 546 2266 758 2306; x_wconf 84' lang='lat' dir='ltr'>differendo</span> <span class='ocrx_word' id='word_1_231' title='bbox 796 2264 895 2301; x_wconf 88' lang='lat' dir='ltr'>bello</span> <span class='ocrx_word' id='word_1_232' title='bbox 933 2264 1082 2302; x_wconf 87' lang='lat' dir='ltr'>hostem</span> <span class='ocrx_word' id='word_1_233' title='bbox 1119 2277 1282 2313; x_wconf 85' lang='lat' dir='ltr'>carpere,</span> <span class='ocrx_word' id='word_1_234' title='bbox 1320 2262 1493 2312; x_wconf 87' lang='lat' dir='ltr'>palantes</span> 
     </span>
     <span class='ocr_line' id='line_1_30' title="bbox 92 2331 1489 2394; baseline -0.009 -11"><span class='ocrx_word' id='word_1_235' title='bbox 92 2346 276 2394; x_wconf 83' lang='lat' dir='ltr'>excipere,</span> <span class='ocrx_word' id='word_1_236' title='bbox 311 2353 535 2393; x_wconf 74' lang='lat' dir='ltr'>quocunque</span> <span class='ocrx_word' id='word_1_237' title='bbox 570 2337 682 2374; x_wconf 86' lang='lat' dir='ltr'>modo</span> <span class='ocrx_word' id='word_1_238' title='bbox 715 2338 844 2388; x_wconf 80' lang='lat' dir='ltr'>posset</span> <span class='ocrx_word' id='word_1_239' title='bbox 875 2346 1008 2371; x_wconf 84' lang='lat' dir='ltr'>nocere</span> <span class='ocrx_word' id='word_1_240' title='bbox 1043 2333 1252 2371; x_wconf 85' lang='lat' dir='ltr'>Hannibali</span> <span class='ocrx_word' id='word_1_241' title='bbox 1281 2331 1489 2370; x_wconf 79' lang='lat' dir='ltr'>constitnit.</span> 
     </span>
    </p>
   </div>
  </div>
 </body>
</html>
