1559 2463
57 46 161 71 PART
182 33 224 85 1.]
470 35 689 71 HISTOR
703 34 739 69 Y
765 34 838 71 OF
861 34 1040 71 ROME.
1410 47 1455 82 39

55 145 306 184 devehebant.
377 145 574 183 Adversus
608 158 670 182 eos
704 150 900 194 susceptae
933 144 1139 182 nonnullae
1179 145 1456 194 expeditiones,

55 227 177 264 neque
207 227 255 252 ex
283 213 473 251 sententia
501 212 684 250 Romanis
713 218 874 250 eventus
899 213 984 259 fuit,
1016 226 1100 250 cum
1130 213 1196 262 qui
1224 213 1334 250 classi
1353 226 1456 262 prae-

57 288 166 320 erant
183 282 376 320 remissius
405 295 485 319 rem
517 286 684 331 agerent.
754 281 805 318 Et
833 281 873 318 in
900 281 994 318 Asia
1024 294 1160 330 parum
1192 295 1370 331 prospere
1398 295 1458 319 res

56 352 297 402 gerebantur,
326 351 392 389 ubi
420 350 692 397 Mithradates,
712 356 823 388 vetus
851 351 1082 400 reipublicae
1111 351 1242 398 hostis,
1265 352 1319 389 ita
1344 352 1458 390 modo

56 420 289 466 vincebatur,
328 424 373 457 ut
409 420 551 457 maiore
588 419 785 457 alacritate
822 420 985 456 victores
1023 419 1245 457 adoriretur.
1316 419 1459 470 Magna

56 502 145 526 sane
178 489 321 526 virtute
351 489 559 526 utebantur
587 488 776 525 exercitus
805 488 1030 534 consulares,
1061 488 1127 526 sed
1155 501 1345 538 nusquam
1373 489 1460 525 finis

56 558 146 595 belli
166 557 384 607 apparebat,
406 570 491 594 cum
511 556 684 595 nondum
704 557 784 594 dux
804 557 1007 594 exstiterat
1027 557 1092 606 qui
1111 557 1312 606 prohibere
1331 563 1460 606 posset

58 626 260 675 quominus
306 625 564 663 Mithradates
609 626 720 663 novis
766 626 876 663 sociis
931 626 1003 663 sibi
1050 626 1262 663 coniunctis
1316 626 1459 663 bellum

57 695 236 732 traheret.

522 854 559 888 T
555 853 598 888 lle
621 853 884 890 Gladiatorial
912 853 1013 890 War.

111 953 346 1000 83.—Quae
365 965 425 990 res
445 966 530 990 cum
550 952 780 990 documento
809 952 886 989 sint
905 957 1059 1002 patrum
1079 953 1348 990 auctoritatem
1367 954 1461 991 foris

57 1027 235 1072 spretam,
257 1021 361 1058 domi
390 1021 506 1059 etiam
526 1021 736 1059 invalidam
765 1034 844 1059 esse
863 1021 990 1070 palam
1009 1022 1099 1059 fecit
1117 1035 1261 1059 novum
1281 1022 1320 1059 in
1349 1022 1463 1060 Italia

56 1090 199 1128 bellum
219 1095 461 1127 commotum.
520 1089 773 1139 Septuaginta
793 1090 896 1127 enim
924 1095 1088 1139 quatuor
1106 1089 1337 1140 gladiatores
1367 1091 1461 1128 duce

57 1160 252 1209 Spartaco,
282 1172 301 1196 e
329 1159 420 1196 ludo
448 1158 687 1208 gladiatorio,
710 1159 776 1208 qui
806 1159 959 1209 Capuae
988 1164 1079 1205 erat,
1113 1173 1197 1197 cum
1227 1160 1458 1210 effugissent,

56 1242 125 1278 per
161 1228 314 1266 Italiam
360 1233 544 1278 vagantes
590 1241 710 1277 paene
756 1241 833 1266 11011
870 1228 991 1266 levius
1029 1228 1183 1275 bellum,
1232 1242 1347 1278 quam
1383 1230 1463 1279 ipse

57 1296 263 1343 Hannibal,
294 1302 507 1334 moverunt.
567 1295 713 1343 Quibus
742 1309 826 1334 cum
854 1297 1008 1346 fugitivi
1036 1298 1136 1335 servi
1165 1302 1203 1335 et
1231 1297 1463 1347 gladiatores

58 1366 230 1416 quotidie
260 1379 298 1403 se
327 1365 622 1411 coniunxerunt,
651 1365 855 1415 Spartacus
875 1366 982 1404 brevi
1012 1367 1130 1404 tantis
1158 1367 1324 1416 praefuit
1345 1367 1463 1416 copiis

57 1440 101 1472 ut
119 1435 261 1472 multos
290 1434 404 1472 duces
433 1440 471 1472 et
490 1435 586 1472 duos
605 1435 800 1472 Romanos
821 1435 992 1473 consules
1020 1441 1149 1485 posset
1167 1436 1327 1473 vincere.
1387 1435 1463 1473 Sed

59 1517 153 1549 cum,
172 1509 215 1540 ut
233 1504 311 1541 fere
327 1504 382 1549 fit,
399 1503 500 1552 apud
517 1503 690 1541 indoctos
706 1503 879 1541 homines
895 1509 933 1541 et
949 1505 1204 1542 coercentium
1219 1504 1464 1554 impatientes

60 1572 273 1609 simultates
293 1572 586 1618 intercederent,
608 1577 647 1609 et
666 1573 738 1621 ipsi
757 1572 849 1609 victi
870 1578 959 1610 sunt
974 1573 1013 1610 in
1042 1574 1186 1622 Apulia
1205 1587 1227 1610 a
1246 1573 1296 1611 M.
1318 1573 1464 1611 Licinio

59 1642 195 1680 Crasso
228 1641 461 1691 proconsule.
533 1641 629 1679 Mox
661 1642 896 1679 debellatum
929 1647 987 1679 est
1019 1656 1041 1679 a
1078 1642 1145 1680 Cn.
1182 1643 1366 1692 Pompeio
1399 1643 1464 1693 qui

60 1716 210 1748 mortuo
230 1710 401 1748 Sertorio
422 1710 468 1748 ab
489 1709 678 1760 Hispania
698 1711 897 1748 arcessitus
918 1716 1007 1748 erat.

508 1870 734 1917 Supremacy
753 1870 796 1917 eff
808 1871 1014 1918 Pompeius.

114 1961 396 2008 84.—Quibus
423 1961 536 1998 rebus
564 1962 682 2011 gestis
710 1962 942 2000 verebantur
970 1963 1071 2000 cives
1098 1976 1146 2001 ne
1179 1963 1397 2013 Pompeius,
1427 1964 1466 2001 id

61 2029 164 2080 quod
183 2029 352 2067 fecerant
371 2029 519 2067 Marius
548 2035 587 2067 et
607 2029 723 2076 Sulla,
744 2030 784 2067 in
803 2031 938 2068 urbem
967 2044 1052 2068 cum
1072 2032 1243 2069 exercitu
1271 2032 1466 2082 ingressus

63 2112 211 2137 summa
238 2103 429 2148 potestate
457 2099 657 2148 potiretur.
729 2098 864 2148 Neque
893 2104 1022 2137 tamen
1052 2100 1122 2138 hoc
1151 2101 1230 2150 egit
1258 2101 1466 2150 Pompeius

62 2168 235 2218 privatus
272 2168 312 2205 in
349 2168 483 2205 urbem
519 2180 734 2217 regressus:
775 2169 840 2217 qui
878 2181 963 2206 cum
1000 2169 1251 2218 optimatibus
1288 2170 1466 2220 plebique

63 2236 210 2286 placere
245 2241 457 2282 conaretur,
492 2237 664 2274 omnium
695 2236 767 2274 sibi
796 2237 968 2275 favorem
988 2238 1213 2276 conciliavit.
1272 2239 1468 2278 Taedebat

67 2306 169 2342 enim
198 2305 300 2343 cives
327 2305 418 2343 belli
448 2311 508 2343 tot
541 2306 736 2355 tantisque
775 2306 944 2343 cladibus
982 2307 1148 2353 affectos,
1189 2308 1468 2358 Pompeiusque
