<?xml version="1.0" encoding="UTF-8"?>
<!DOCTYPE html PUBLIC "-//W3C//DTD XHTML 1.0 Transitional//EN"
    "http://www.w3.org/TR/xhtml1/DTD/xhtml1-transitional.dtd">
<html xmlns="http://www.w3.org/1999/xhtml" xml:lang="en" lang="en">
 <head>
  <title>
</title>
<meta http-equiv="Content-Type" content="text/html;charset=utf-8" />
  <meta name='ocr-system' content='tesseract 3.04.00' />
  <meta name='ocr-capabilities' content='ocr_page ocr_carea ocr_par ocr_line ocrx_word'/>
</head>
<body>
  <div class='ocr_page' id='page_1' title='image "./secondlatinreadi00benn_0070.png"; bbox 0 0 1559 2463; ppageno 0'>
   <div class='ocr_carea' id='block_1_1' title="bbox 100 96 1496 148">
    <p class='ocr_par' dir='ltr' id='par_1_1' title="bbox 100 96 1496 148">
     <span class='ocr_line' id='line_1_1' title="bbox 100 96 1496 148; baseline 0.001 -15"><span class='ocrx_word' id='word_1_1' title='bbox 100 109 146 145; x_wconf 85' lang='lat'>52</span> <span class='ocrx_word' id='word_1_2' title='bbox 326 96 562 133; x_wconf 84' lang='lat' dir='ltr'><em>SECOND</em></span> <span class='ocrx_word' id='word_1_3' title='bbox 589 96 781 131; x_wconf 76' lang='lat' dir='ltr'><em>LATJN</em></span> <span class='ocrx_word' id='word_1_4' title='bbox 799 97 1078 134; x_wconf 81' lang='lat' dir='ltr'><em>READJNG</em></span> <span class='ocrx_word' id='word_1_5' title='bbox 1106 97 1277 134; x_wconf 88' lang='lat' dir='ltr'><em>BOOK.</em></span> <span class='ocrx_word' id='word_1_6' title='bbox 1319 96 1436 148; x_wconf 82' lang='lat' dir='ltr'><strong>[PART</strong></span> <span class='ocrx_word' id='word_1_7' title='bbox 1457 110 1496 136; x_wconf 86' lang='lat'>11.</span> 
     </span>
    </p>
   </div>
   <div class='ocr_carea' id='block_1_2' title="bbox 92 207 1502 876">
    <p class='ocr_par' dir='ltr' id='par_1_2' title="bbox 92 207 1502 876">
     <span class='ocr_line' id='line_1_2' title="bbox 97 207 1501 257; baseline 0 -10"><span class='ocrx_word' id='word_1_8' title='bbox 97 210 266 247; x_wconf 80' lang='lat' dir='ltr'>tissimus</span> <span class='ocrx_word' id='word_1_9' title='bbox 295 208 465 246; x_wconf 84' lang='lat' dir='ltr'>delectus</span> <span class='ocrx_word' id='word_1_10' title='bbox 494 211 563 245; x_wconf 91' lang='lat' dir='ltr'>est.</span> <span class='ocrx_word' id='word_1_11' title='bbox 620 207 829 257; x_wconf 81' lang='lat' dir='ltr'>Imperium</span> <span class='ocrx_word' id='word_1_12' title='bbox 860 207 899 244; x_wconf 91' lang='lat' dir='ltr'>in</span> <span class='ocrx_word' id='word_1_13' title='bbox 924 207 1064 257; x_wconf 81' lang='lat' dir='ltr'>viginti</span> <span class='ocrx_word' id='word_1_14' title='bbox 1092 209 1307 257; x_wconf 85' lang='lat' dir='ltr'>provincias</span> <span class='ocrx_word' id='word_1_15' title='bbox 1335 210 1501 247; x_wconf 87' lang='lat' dir='ltr'>divisum</span> 
     </span>
     <span class='ocr_line' id='line_1_3' title="bbox 97 276 1502 328; baseline 0 -12"><span class='ocrx_word' id='word_1_16' title='bbox 97 277 398 328; x_wconf 81' lang='lat' dir='ltr'>magistratibus,</span> <span class='ocrx_word' id='word_1_17' title='bbox 419 276 485 325; x_wconf 91' lang='lat' dir='ltr'>qui</span> <span class='ocrx_word' id='word_1_18' title='bbox 514 280 685 325; x_wconf 83' lang='lat' dir='ltr'>satrapes</span> <span class='ocrx_word' id='word_1_19' title='bbox 713 276 959 322; x_wconf 84' lang='lat' dir='ltr'>vocabantur,</span> <span class='ocrx_word' id='word_1_20' title='bbox 982 276 1242 324; x_wconf 87' lang='lat' dir='ltr'>demandavit,</span> <span class='ocrx_word' id='word_1_21' title='bbox 1263 291 1373 327; x_wconf 84' lang='lat' dir='ltr'>agros</span> <span class='ocrx_word' id='word_1_22' title='bbox 1398 291 1502 316; x_wconf 87' lang='lat' dir='ltr'>accu-</span> 
     </span>
     <span class='ocr_line' id='line_1_4' title="bbox 95 344 1499 396; baseline 0.001 -12"><span class='ocrx_word' id='word_1_23' title='bbox 95 351 177 385; x_wconf 89' lang='lat' dir='ltr'>rate</span> <span class='ocrx_word' id='word_1_24' title='bbox 206 346 402 383; x_wconf 88' lang='lat' dir='ltr'>dimensus</span> <span class='ocrx_word' id='word_1_25' title='bbox 431 349 474 381; x_wconf 89' lang='lat' dir='ltr'>ut</span> <span class='ocrx_word' id='word_1_26' title='bbox 503 344 741 394; x_wconf 72' lang='lat' dir='ltr'>stipendium</span> <span class='ocrx_word' id='word_1_27' title='bbox 770 345 931 394; x_wconf 78' lang='lat' dir='ltr'>singulis</span> <span class='ocrx_word' id='word_1_28' title='bbox 965 345 1253 394; x_wconf 80' lang='lat' dir='ltr'>magistratibus</span> <span class='ocrx_word' id='word_1_29' title='bbox 1284 347 1499 396; x_wconf 70' lang='lat' dir='ltr'>imperaret.</span> 
     </span>
     <span class='ocr_line' id='line_1_5' title="bbox 97 413 1499 463; baseline -0.001 -10"><span class='ocrx_word' id='word_1_30' title='bbox 97 416 206 453; x_wconf 90' lang='lat' dir='ltr'>Idem</span> <span class='ocrx_word' id='word_1_31' title='bbox 227 415 324 452; x_wconf 83' lang='lat' dir='ltr'>Susa</span> <span class='ocrx_word' id='word_1_32' title='bbox 343 418 458 463; x_wconf 84' lang='lat' dir='ltr'>caput</span> <span class='ocrx_word' id='word_1_33' title='bbox 476 413 584 462; x_wconf 77' lang='lat' dir='ltr'>regni</span> <span class='ocrx_word' id='word_1_34' title='bbox 604 413 670 450; x_wconf 92' lang='lat' dir='ltr'>ubi</span> <span class='ocrx_word' id='word_1_35' title='bbox 699 413 901 450; x_wconf 88' lang='lat' dir='ltr'>constituit</span> <span class='ocrx_word' id='word_1_36' title='bbox 924 413 1006 451; x_wconf 87' lang='lat' dir='ltr'>vias</span> <span class='ocrx_word' id='word_1_37' title='bbox 1036 413 1125 450; x_wconf 88' lang='lat' dir='ltr'>inde</span> <span class='ocrx_word' id='word_1_38' title='bbox 1153 414 1294 463; x_wconf 87' lang='lat' dir='ltr'>passim</span> <span class='ocrx_word' id='word_1_39' title='bbox 1322 415 1499 461; x_wconf 88' lang='lat' dir='ltr'>munivit,</span> 
     </span>
     <span class='ocr_line' id='line_1_6' title="bbox 95 481 1499 534; baseline -0.001 -13"><span class='ocrx_word' id='word_1_40' title='bbox 95 498 170 534; x_wconf 88' lang='lat' dir='ltr'>quo</span> <span class='ocrx_word' id='word_1_41' title='bbox 203 488 241 521; x_wconf 90' lang='lat' dir='ltr'>et</span> <span class='ocrx_word' id='word_1_42' title='bbox 273 482 424 520; x_wconf 81' lang='lat' dir='ltr'>facilius</span> <span class='ocrx_word' id='word_1_43' title='bbox 458 481 587 530; x_wconf 90' lang='lat' dir='ltr'>copiae</span> <span class='ocrx_word' id='word_1_44' title='bbox 620 481 747 530; x_wconf 83' lang='lat' dir='ltr'>regiae</span> <span class='ocrx_word' id='word_1_45' title='bbox 781 481 1014 518; x_wconf 72' lang='lat' dir='ltr'>contendere</span> <span class='ocrx_word' id='word_1_46' title='bbox 1049 487 1218 530; x_wconf 86' lang='lat' dir='ltr'>possent,</span> <span class='ocrx_word' id='word_1_47' title='bbox 1253 482 1372 520; x_wconf 80' lang='lat' dir='ltr'>sicubi</span> <span class='ocrx_word' id='word_1_48' title='bbox 1405 496 1499 531; x_wconf 90' lang='lat' dir='ltr'>opus</span> 
     </span>
     <span class='ocr_line' id='line_1_7' title="bbox 94 548 1498 599; baseline -0.001 -10"><span class='ocrx_word' id='word_1_49' title='bbox 94 556 204 597; x_wconf 84' lang='lat' dir='ltr'>esset,</span> <span class='ocrx_word' id='word_1_50' title='bbox 239 555 547 599; x_wconf 72' lang='lat' dir='ltr'>mercatoresque</span> <span class='ocrx_word' id='word_1_51' title='bbox 585 548 809 598; x_wconf 81' lang='lat' dir='ltr'>negotiandi</span> <span class='ocrx_word' id='word_1_52' title='bbox 843 562 974 586; x_wconf 77' lang='lat' dir='ltr'>caussa</span> <span class='ocrx_word' id='word_1_53' title='bbox 1007 562 1139 587; x_wconf 86' lang='lat' dir='ltr'>omnes</span> <span class='ocrx_word' id='word_1_54' title='bbox 1172 550 1287 587; x_wconf 90' lang='lat' dir='ltr'>urbes</span> <span class='ocrx_word' id='word_1_55' title='bbox 1320 550 1498 599; x_wconf 89' lang='lat' dir='ltr'>vicosque</span> 
     </span>
     <span class='ocr_line' id='line_1_8' title="bbox 95 616 1501 667; baseline -0.001 -10"><span class='ocrx_word' id='word_1_56' title='bbox 95 620 257 658; x_wconf 87' lang='lat' dir='ltr'>adirent.</span> <span class='ocrx_word' id='word_1_57' title='bbox 307 618 353 655; x_wconf 91' lang='lat' dir='ltr'>Id</span> <span class='ocrx_word' id='word_1_58' title='bbox 370 618 488 655; x_wconf 87' lang='lat' dir='ltr'>etiam</span> <span class='ocrx_word' id='word_1_59' title='bbox 510 617 583 654; x_wconf 86' lang='lat' dir='ltr'>sibi</span> <span class='ocrx_word' id='word_1_60' title='bbox 602 616 913 666; x_wconf 85' lang='lat' dir='ltr'>praecavendum</span> <span class='ocrx_word' id='word_1_61' title='bbox 934 618 1135 655; x_wconf 87' lang='lat' dir='ltr'>constituit</span> <span class='ocrx_word' id='word_1_62' title='bbox 1153 630 1201 655; x_wconf 90' lang='lat' dir='ltr'>ne</span> <span class='ocrx_word' id='word_1_63' title='bbox 1220 618 1373 667; x_wconf 88' lang='lat' dir='ltr'>quando</span> <span class='ocrx_word' id='word_1_64' title='bbox 1389 618 1501 656; x_wconf 84' lang='lat' dir='ltr'>Iones</span> 
     </span>
     <span class='ocr_line' id='line_1_9' title="bbox 93 685 1498 736; baseline -0.002 -9"><span class='ocrx_word' id='word_1_65' title='bbox 93 689 337 733; x_wconf 73' lang='lat' dir='ltr'>rebellarent,</span> <span class='ocrx_word' id='word_1_66' title='bbox 358 700 475 736; x_wconf 85' lang='lat' dir='ltr'>penes</span> <span class='ocrx_word' id='word_1_67' title='bbox 504 699 598 736; x_wconf 86' lang='lat' dir='ltr'>quos</span> <span class='ocrx_word' id='word_1_68' title='bbox 627 690 727 723; x_wconf 87' lang='lat' dir='ltr'>esset</span> <span class='ocrx_word' id='word_1_69' title='bbox 746 685 928 735; x_wconf 88' lang='lat' dir='ltr'>quicquid</span> <span class='ocrx_word' id='word_1_70' title='bbox 957 686 1113 723; x_wconf 85' lang='lat' dir='ltr'>navium</span> <span class='ocrx_word' id='word_1_71' title='bbox 1137 686 1304 724; x_wconf 88' lang='lat' dir='ltr'>haberet.</span> <span class='ocrx_word' id='word_1_72' title='bbox 1363 687 1498 736; x_wconf 87' lang='lat' dir='ltr'>Itaque</span> 
     </span>
     <span class='ocr_line' id='line_1_10' title="bbox 93 754 1499 807; baseline -0.002 -12"><span class='ocrx_word' id='word_1_73' title='bbox 93 757 253 807; x_wconf 80' lang='lat' dir='ltr'>singulis</span> <span class='ocrx_word' id='word_1_74' title='bbox 283 757 414 794; x_wconf 87' lang='lat' dir='ltr'>Ioniae</span> <span class='ocrx_word' id='word_1_75' title='bbox 442 756 603 793; x_wconf 86' lang='lat' dir='ltr'>urbibus</span> <span class='ocrx_word' id='word_1_76' title='bbox 631 760 840 804; x_wconf 84' lang='lat' dir='ltr'>tyrannum</span> <span class='ocrx_word' id='word_1_77' title='bbox 873 754 1066 803; x_wconf 84' lang='lat' dir='ltr'>praefecit,</span> <span class='ocrx_word' id='word_1_78' title='bbox 1097 768 1210 804; x_wconf 90' lang='lat' dir='ltr'>quem</span> <span class='ocrx_word' id='word_1_79' title='bbox 1243 755 1395 793; x_wconf 81' lang='lat' dir='ltr'>auxiliis</span> <span class='ocrx_word' id='word_1_80' title='bbox 1423 755 1499 805; x_wconf 90' lang='lat' dir='ltr'>opi-</span> 
     </span>
     <span class='ocr_line' id='line_1_11' title="bbox 92 823 1260 876; baseline -0.003 -12"><span class='ocrx_word' id='word_1_81' title='bbox 92 827 239 876; x_wconf 85' lang='lat' dir='ltr'>busque</span> <span class='ocrx_word' id='word_1_82' title='bbox 259 825 458 872; x_wconf 82' lang='lat' dir='ltr'>instruxit,</span> <span class='ocrx_word' id='word_1_83' title='bbox 480 824 721 862; x_wconf 79' lang='lat' dir='ltr'>auctoritatis</span> <span class='ocrx_word' id='word_1_84' title='bbox 741 837 830 861; x_wconf 89' lang='lat' dir='ltr'>suae</span> <span class='ocrx_word' id='word_1_85' title='bbox 852 823 1101 861; x_wconf 79' lang='lat' dir='ltr'>stabiliendae</span> <span class='ocrx_word' id='word_1_86' title='bbox 1122 837 1260 861; x_wconf 86' lang='lat' dir='ltr'>caussa.</span> 
     </span>
    </p>
   </div>
   <div class='ocr_carea' id='block_1_3' title="bbox 402 998 1194 1046">
    <p class='ocr_par' dir='ltr' id='par_1_3' title="bbox 402 998 1194 1046">
     <span class='ocr_line' id='line_1_12' title="bbox 402 998 1194 1046; baseline 0.001 -11"><span class='ocrx_word' id='word_1_87' title='bbox 402 999 478 1035; x_wconf 75' lang='lat' dir='ltr'>Tlee</span> <span class='ocrx_word' id='word_1_88' title='bbox 498 999 723 1046; x_wconf 72' lang='lat' dir='ltr'>Expeditz’mz</span> <span class='ocrx_word' id='word_1_89' title='bbox 744 998 893 1045; x_wconf 78' lang='lat' dir='ltr'>against</span> <span class='ocrx_word' id='word_1_90' title='bbox 909 999 968 1033; x_wconf 74' lang='lat' dir='ltr'>the</span> <span class='ocrx_word' id='word_1_91' title='bbox 989 998 1194 1045; x_wconf 74' lang='lat' dir='ltr'>Scythiam.</span> 
     </span>
    </p>
   </div>
   <div class='ocr_carea' id='block_1_4' title="bbox 88 1088 1499 2032">
    <p class='ocr_par' dir='ltr' id='par_1_4' title="bbox 88 1088 1499 2032">
     <span class='ocr_line' id='line_1_13' title="bbox 149 1088 1499 1140; baseline -0.001 -9"><span class='ocrx_word' id='word_1_92' title='bbox 149 1091 433 1131; x_wconf 61' lang='lat' dir='ltr'>loa—Rebus</span> <span class='ocrx_word' id='word_1_93' title='bbox 454 1090 508 1127; x_wconf 89' lang='lat' dir='ltr'>ita</span> <span class='ocrx_word' id='word_1_94' title='bbox 536 1089 640 1127; x_wconf 90' lang='lat' dir='ltr'>domi</span> <span class='ocrx_word' id='word_1_95' title='bbox 670 1089 900 1138; x_wconf 86' lang='lat' dir='ltr'>compositis,</span> <span class='ocrx_word' id='word_1_96' title='bbox 926 1088 1065 1126; x_wconf 89' lang='lat' dir='ltr'>Darius</span> <span class='ocrx_word' id='word_1_97' title='bbox 1094 1089 1267 1138; x_wconf 88' lang='lat' dir='ltr'>tyrannis</span> <span class='ocrx_word' id='word_1_98' title='bbox 1295 1090 1499 1140; x_wconf 86' lang='lat' dir='ltr'>imperavit</span> 
     </span>
     <span class='ocr_line' id='line_1_14' title="bbox 91 1157 1497 1207; baseline -0.001 -8"><span class='ocrx_word' id='word_1_99' title='bbox 91 1166 135 1199; x_wconf 87' lang='lat' dir='ltr'>ut</span> <span class='ocrx_word' id='word_1_100' title='bbox 155 1161 313 1198; x_wconf 84' lang='lat' dir='ltr'>classem</span> <span class='ocrx_word' id='word_1_101' title='bbox 344 1163 610 1196; x_wconf 81' lang='lat' dir='ltr'>sexcentarum</span> <span class='ocrx_word' id='word_1_102' title='bbox 636 1157 793 1195; x_wconf 88' lang='lat' dir='ltr'>navium</span> <span class='ocrx_word' id='word_1_103' title='bbox 822 1162 1004 1195; x_wconf 86' lang='lat' dir='ltr'>ornarent</span> <span class='ocrx_word' id='word_1_104' title='bbox 1031 1162 1263 1207; x_wconf 83' lang='lat' dir='ltr'>pontemque</span> <span class='ocrx_word' id='word_1_105' title='bbox 1283 1159 1322 1195; x_wconf 91' lang='lat' dir='ltr'>in</span> <span class='ocrx_word' id='word_1_106' title='bbox 1342 1160 1497 1197; x_wconf 86' lang='lat' dir='ltr'>flumine</span> 
     </span>
     <span class='ocr_line' id='line_1_15' title="bbox 92 1226 1496 1276; baseline -0.001 -8"><span class='ocrx_word' id='word_1_107' title='bbox 92 1230 191 1268; x_wconf 90' lang='lat' dir='ltr'>Istro</span> <span class='ocrx_word' id='word_1_108' title='bbox 226 1233 427 1266; x_wconf 84' lang='lat' dir='ltr'>struerent.</span> <span class='ocrx_word' id='word_1_109' title='bbox 496 1227 583 1276; x_wconf 86' lang='lat' dir='ltr'>Ipse</span> <span class='ocrx_word' id='word_1_110' title='bbox 621 1226 835 1276; x_wconf 86' lang='lat' dir='ltr'>Bosporum</span> <span class='ocrx_word' id='word_1_111' title='bbox 868 1226 935 1263; x_wconf 93' lang='lat' dir='ltr'>ubi</span> <span class='ocrx_word' id='word_1_112' title='bbox 972 1226 1124 1264; x_wconf 86' lang='lat' dir='ltr'>traiecit</span> <span class='ocrx_word' id='word_1_113' title='bbox 1155 1227 1203 1264; x_wconf 92' lang='lat' dir='ltr'>ad</span> <span class='ocrx_word' id='word_1_114' title='bbox 1236 1227 1379 1265; x_wconf 89' lang='lat' dir='ltr'>Istrum</span> <span class='ocrx_word' id='word_1_115' title='bbox 1411 1242 1496 1266; x_wconf 87' lang='lat' dir='ltr'>cum</span> 
     </span>
     <span class='ocr_line' id='line_1_16' title="bbox 91 1294 1496 1348; baseline -0.001 -12"><span class='ocrx_word' id='word_1_116' title='bbox 91 1298 333 1348; x_wconf 83' lang='lat' dir='ltr'>pedestribus</span> <span class='ocrx_word' id='word_1_117' title='bbox 362 1296 480 1346; x_wconf 90' lang='lat' dir='ltr'>copiis</span> <span class='ocrx_word' id='word_1_118' title='bbox 509 1295 718 1334; x_wconf 88' lang='lat' dir='ltr'>contendit.</span> <span class='ocrx_word' id='word_1_119' title='bbox 776 1294 872 1332; x_wconf 88' lang='lat' dir='ltr'>Inde</span> <span class='ocrx_word' id='word_1_120' title='bbox 906 1294 1031 1332; x_wconf 89' lang='lat' dir='ltr'>edicto</span> <span class='ocrx_word' id='word_1_121' title='bbox 1059 1296 1232 1344; x_wconf 88' lang='lat' dir='ltr'>tyrannis</span> <span class='ocrx_word' id='word_1_122' title='bbox 1264 1300 1308 1333; x_wconf 90' lang='lat' dir='ltr'>ut</span> <span class='ocrx_word' id='word_1_123' title='bbox 1340 1301 1496 1345; x_wconf 87' lang='lat' dir='ltr'>pontem</span> 
     </span>
     <span class='ocr_line' id='line_1_17' title="bbox 91 1363 1493 1417; baseline -0.001 -13"><span class='ocrx_word' id='word_1_124' title='bbox 91 1381 159 1417; x_wconf 89' lang='lat' dir='ltr'>per</span> <span class='ocrx_word' id='word_1_125' title='bbox 179 1367 275 1404; x_wconf 90' lang='lat' dir='ltr'>duos</span> <span class='ocrx_word' id='word_1_126' title='bbox 294 1378 444 1403; x_wconf 88' lang='lat' dir='ltr'>menses</span> <span class='ocrx_word' id='word_1_127' title='bbox 469 1364 709 1402; x_wconf 88' lang='lat' dir='ltr'>custodirent</span> <span class='ocrx_word' id='word_1_128' title='bbox 737 1363 948 1401; x_wconf 81' lang='lat' dir='ltr'>exercitum</span> <span class='ocrx_word' id='word_1_129' title='bbox 977 1363 1159 1401; x_wconf 86' lang='lat' dir='ltr'>adversus</span> <span class='ocrx_word' id='word_1_130' title='bbox 1182 1364 1343 1413; x_wconf 84' lang='lat' dir='ltr'>Scythas</span> <span class='ocrx_word' id='word_1_131' title='bbox 1372 1365 1493 1403; x_wconf 75' lang='lat' dir='ltr'>duxit.</span> 
     </span>
     <span class='ocr_line' id='line_1_18' title="bbox 92 1432 1495 1482; baseline -0.001 -10"><span class='ocrx_word' id='word_1_132' title='bbox 92 1436 164 1472; x_wconf 90' lang='lat' dir='ltr'>Die</span> <span class='ocrx_word' id='word_1_133' title='bbox 185 1434 395 1472; x_wconf 88' lang='lat' dir='ltr'>constituto</span> <span class='ocrx_word' id='word_1_134' title='bbox 416 1446 502 1470; x_wconf 86' lang='lat' dir='ltr'>cum</span> <span class='ocrx_word' id='word_1_135' title='bbox 530 1445 720 1482; x_wconf 85' lang='lat' dir='ltr'>nusquam</span> <span class='ocrx_word' id='word_1_136' title='bbox 748 1435 985 1480; x_wconf 87' lang='lat' dir='ltr'>compareret</span> <span class='ocrx_word' id='word_1_137' title='bbox 1013 1432 1214 1481; x_wconf 88' lang='lat' dir='ltr'>quisquam</span> <span class='ocrx_word' id='word_1_138' title='bbox 1238 1446 1285 1470; x_wconf 76' lang='lat' dir='ltr'>ex</span> <span class='ocrx_word' id='word_1_139' title='bbox 1314 1434 1495 1480; x_wconf 88' lang='lat' dir='ltr'>exercitu,</span> 
     </span>
     <span class='ocr_line' id='line_1_19' title="bbox 90 1500 1497 1553; baseline -0.001 -12"><span class='ocrx_word' id='word_1_140' title='bbox 90 1503 247 1553; x_wconf 84' lang='lat' dir='ltr'>tyranni</span> <span class='ocrx_word' id='word_1_141' title='bbox 276 1502 455 1540; x_wconf 86' lang='lat' dir='ltr'>certiores</span> <span class='ocrx_word' id='word_1_142' title='bbox 474 1501 567 1538; x_wconf 82' lang='lat' dir='ltr'>facti</span> <span class='ocrx_word' id='word_1_143' title='bbox 596 1505 687 1538; x_wconf 87' lang='lat' dir='ltr'>sunt</span> <span class='ocrx_word' id='word_1_144' title='bbox 714 1500 814 1550; x_wconf 80' lang='lat' dir='ltr'>regis</span> <span class='ocrx_word' id='word_1_145' title='bbox 834 1500 960 1548; x_wconf 86' lang='lat' dir='ltr'>copias</span> <span class='ocrx_word' id='word_1_146' title='bbox 988 1500 1027 1536; x_wconf 87' lang='lat' dir='ltr'>in</span> <span class='ocrx_word' id='word_1_147' title='bbox 1056 1500 1206 1538; x_wconf 88' lang='lat' dir='ltr'>deserta</span> <span class='ocrx_word' id='word_1_148' title='bbox 1235 1501 1386 1551; x_wconf 78' lang='lat' dir='ltr'>longius</span> <span class='ocrx_word' id='word_1_149' title='bbox 1413 1515 1497 1551; x_wconf 90' lang='lat' dir='ltr'>pro-</span> 
     </span>
     <span class='ocr_line' id='line_1_20' title="bbox 90 1568 1494 1618; baseline -0.001 -8"><span class='ocrx_word' id='word_1_150' title='bbox 90 1578 218 1610; x_wconf 87' lang='lat' dir='ltr'>vectas</span> <span class='ocrx_word' id='word_1_151' title='bbox 238 1572 339 1609; x_wconf 84' lang='lat' dir='ltr'>fame</span> <span class='ocrx_word' id='word_1_152' title='bbox 360 1576 399 1608; x_wconf 89' lang='lat' dir='ltr'>et</span> <span class='ocrx_word' id='word_1_153' title='bbox 427 1571 491 1607; x_wconf 89' lang='lat' dir='ltr'>siti</span> <span class='ocrx_word' id='word_1_154' title='bbox 512 1570 683 1607; x_wconf 89' lang='lat' dir='ltr'>laborare</span> <span class='ocrx_word' id='word_1_155' title='bbox 703 1582 826 1618; x_wconf 87' lang='lat' dir='ltr'>neque</span> <span class='ocrx_word' id='word_1_156' title='bbox 854 1568 1020 1605; x_wconf 88' lang='lat' dir='ltr'>multum</span> <span class='ocrx_word' id='word_1_157' title='bbox 1041 1569 1170 1607; x_wconf 90' lang='lat' dir='ltr'>abesse</span> <span class='ocrx_word' id='word_1_158' title='bbox 1190 1570 1282 1618; x_wconf 91' lang='lat' dir='ltr'>quin</span> <span class='ocrx_word' id='word_1_159' title='bbox 1308 1570 1356 1607; x_wconf 89' lang='lat' dir='ltr'>ad</span> <span class='ocrx_word' id='word_1_160' title='bbox 1375 1584 1494 1608; x_wconf 90' lang='lat' dir='ltr'>unum</span> 
     </span>
     <span class='ocr_line' id='line_1_21' title="bbox 90 1636 1493 1687; baseline -0.001 -9"><span class='ocrx_word' id='word_1_161' title='bbox 90 1654 221 1679; x_wconf 89' lang='lat' dir='ltr'>omnes</span> <span class='ocrx_word' id='word_1_162' title='bbox 250 1640 563 1677; x_wconf 88' lang='lat' dir='ltr'>interficerentur.</span> <span class='ocrx_word' id='word_1_163' title='bbox 624 1637 771 1684; x_wconf 81' lang='lat' dir='ltr'>Quibus</span> <span class='ocrx_word' id='word_1_164' title='bbox 799 1637 945 1674; x_wconf 89' lang='lat' dir='ltr'>nuntiis</span> <span class='ocrx_word' id='word_1_165' title='bbox 974 1636 1099 1673; x_wconf 90' lang='lat' dir='ltr'>allatis</span> <span class='ocrx_word' id='word_1_166' title='bbox 1122 1637 1319 1675; x_wconf 86' lang='lat' dir='ltr'>Miltiades</span> <span class='ocrx_word' id='word_1_167' title='bbox 1338 1639 1493 1687; x_wconf 87' lang='lat' dir='ltr'>quidam</span> 
     </span>
     <span class='ocr_line' id='line_1_22' title="bbox 89 1705 1493 1758; baseline -0.002 -12"><span class='ocrx_word' id='word_1_168' title='bbox 89 1724 108 1746; x_wconf 87' lang='lat' dir='ltr'>e</span> <span class='ocrx_word' id='word_1_169' title='bbox 129 1708 304 1758; x_wconf 88' lang='lat' dir='ltr'>tyrannis</span> <span class='ocrx_word' id='word_1_170' title='bbox 321 1712 453 1744; x_wconf 87' lang='lat' dir='ltr'>auctor</span> <span class='ocrx_word' id='word_1_171' title='bbox 472 1707 547 1743; x_wconf 81' lang='lat' dir='ltr'>fuit</span> <span class='ocrx_word' id='word_1_172' title='bbox 566 1706 694 1755; x_wconf 87' lang='lat' dir='ltr'>pontis</span> <span class='ocrx_word' id='word_1_173' title='bbox 715 1705 1018 1754; x_wconf 85' lang='lat' dir='ltr'>interrumpendi</span> <span class='ocrx_word' id='word_1_174' title='bbox 1035 1721 1040 1742; x_wconf 91' lang='lat'>:</span> <span class='ocrx_word' id='word_1_175' title='bbox 1070 1705 1125 1742; x_wconf 86' lang='lat' dir='ltr'>ita</span> <span class='ocrx_word' id='word_1_176' title='bbox 1144 1706 1245 1742; x_wconf 87' lang='lat' dir='ltr'>enim</span> <span class='ocrx_word' id='word_1_177' title='bbox 1266 1706 1433 1743; x_wconf 87' lang='lat' dir='ltr'>deletum</span> <span class='ocrx_word' id='word_1_178' title='bbox 1455 1708 1493 1743; x_wconf 89' lang='lat' dir='ltr'>in</span> 
     </span>
     <span class='ocr_line' id='line_1_23' title="bbox 92 1774 1493 1826; baseline -0.002 -11"><span class='ocrx_word' id='word_1_179' title='bbox 92 1779 234 1823; x_wconf 84' lang='lat' dir='ltr'>Persas,</span> <span class='ocrx_word' id='word_1_180' title='bbox 257 1777 464 1826; x_wconf 82' lang='lat' dir='ltr'>iugumque</span> <span class='ocrx_word' id='word_1_181' title='bbox 484 1775 727 1825; x_wconf 83' lang='lat' dir='ltr'>peregrinum</span> <span class='ocrx_word' id='word_1_182' title='bbox 756 1787 956 1811; x_wconf 83' lang='lat' dir='ltr'>excussum</span> <span class='ocrx_word' id='word_1_183' title='bbox 982 1774 1038 1811; x_wconf 88' lang='lat' dir='ltr'>iri.</span> <span class='ocrx_word' id='word_1_184' title='bbox 1095 1774 1150 1811; x_wconf 89' lang='lat' dir='ltr'>At</span> <span class='ocrx_word' id='word_1_185' title='bbox 1170 1774 1366 1812; x_wconf 83' lang='lat' dir='ltr'>Histiaeus</span> <span class='ocrx_word' id='word_1_186' title='bbox 1386 1775 1493 1813; x_wconf 83' lang='lat' dir='ltr'>Mile-</span> 
     </span>
     <span class='ocr_line' id='line_1_24' title="bbox 89 1842 1492 1894; baseline -0.003 -10"><span class='ocrx_word' id='word_1_187' title='bbox 89 1847 232 1884; x_wconf 88' lang='lat' dir='ltr'>siorum</span> <span class='ocrx_word' id='word_1_188' title='bbox 252 1851 439 1894; x_wconf 89' lang='lat' dir='ltr'>tyrannus</span> <span class='ocrx_word' id='word_1_189' title='bbox 459 1843 629 1881; x_wconf 87' lang='lat' dir='ltr'>Miltiadi</span> <span class='ocrx_word' id='word_1_190' title='bbox 656 1843 869 1892; x_wconf 88' lang='lat' dir='ltr'>parendum</span> <span class='ocrx_word' id='word_1_191' title='bbox 898 1855 977 1879; x_wconf 87' lang='lat' dir='ltr'>esse</span> <span class='ocrx_word' id='word_1_192' title='bbox 1005 1842 1183 1891; x_wconf 76' lang='lat' dir='ltr'>negavit3</span> <span class='ocrx_word' id='word_1_193' title='bbox 1211 1847 1362 1880; x_wconf 87' lang='lat' dir='ltr'>mortuo</span> <span class='ocrx_word' id='word_1_194' title='bbox 1390 1844 1492 1880; x_wconf 80' lang='lat' dir='ltr'>enim</span> 
     </span>
     <span class='ocr_line' id='line_1_25' title="bbox 88 1910 1492 1963; baseline -0.004 -10"><span class='ocrx_word' id='word_1_195' title='bbox 88 1915 206 1953; x_wconf 87' lang='lat' dir='ltr'>Dario</span> <span class='ocrx_word' id='word_1_196' title='bbox 236 1920 420 1963; x_wconf 87' lang='lat' dir='ltr'>tyrannos</span> <span class='ocrx_word' id='word_1_197' title='bbox 448 1926 497 1950; x_wconf 82' lang='lat' dir='ltr'>ex</span> <span class='ocrx_word' id='word_1_198' title='bbox 524 1912 682 1949; x_wconf 88' lang='lat' dir='ltr'>urbibus</span> <span class='ocrx_word' id='word_1_199' title='bbox 715 1911 867 1961; x_wconf 88' lang='lat' dir='ltr'>pulsum</span> <span class='ocrx_word' id='word_1_200' title='bbox 895 1911 951 1948; x_wconf 86' lang='lat' dir='ltr'>iri.</span> <span class='ocrx_word' id='word_1_201' title='bbox 1010 1910 1134 1957; x_wconf 75' lang='lat' dir='ltr'>Quam</span> <span class='ocrx_word' id='word_1_202' title='bbox 1164 1911 1394 1948; x_wconf 87' lang='lat' dir='ltr'>sententiam</span> <span class='ocrx_word' id='word_1_203' title='bbox 1426 1912 1492 1949; x_wconf 91' lang='lat' dir='ltr'>ubi</span> 
     </span>
     <span class='ocr_line' id='line_1_26' title="bbox 89 1978 1491 2032; baseline -0.004 -11"><span class='ocrx_word' id='word_1_204' title='bbox 89 1983 387 2032; x_wconf 85' lang='lat' dir='ltr'>comprobarunt</span> <span class='ocrx_word' id='word_1_205' title='bbox 405 1981 573 2030; x_wconf 89' lang='lat' dir='ltr'>tyranni,</span> <span class='ocrx_word' id='word_1_206' title='bbox 589 1984 822 2029; x_wconf 87' lang='lat' dir='ltr'>pontemque</span> <span class='ocrx_word' id='word_1_207' title='bbox 840 1979 1117 2027; x_wconf 87' lang='lat' dir='ltr'>interrumpere</span> <span class='ocrx_word' id='word_1_208' title='bbox 1137 1978 1352 2024; x_wconf 86' lang='lat' dir='ltr'>noluerunt,</span> <span class='ocrx_word' id='word_1_209' title='bbox 1375 1978 1491 2016; x_wconf 89' lang='lat' dir='ltr'>Dario</span> 
     </span>
    </p>
   </div>
   <div class='ocr_carea' id='block_1_5' title="bbox 88 2049 666 2100">
    <p class='ocr_par' dir='ltr' id='par_1_5' title="bbox 88 2049 666 2100">
     <span class='ocr_line' id='line_1_27' title="bbox 88 2049 666 2100; baseline -0.007 -10"><span class='ocrx_word' id='word_1_210' title='bbox 88 2065 174 2090; x_wconf 89' lang='lat' dir='ltr'>cum</span> <span class='ocrx_word' id='word_1_211' title='bbox 194 2052 365 2089; x_wconf 79' lang='lat' dir='ltr'>exercitu</span> <span class='ocrx_word' id='word_1_212' title='bbox 385 2050 535 2100; x_wconf 78' lang='lat' dir='ltr'>regredi</span> <span class='ocrx_word' id='word_1_213' title='bbox 549 2049 666 2086; x_wconf 89' lang='lat' dir='ltr'>licuit.</span> 
     </span>
    </p>
   </div>
   <div class='ocr_carea' id='block_1_6' title="bbox 420 2205 1162 2253">
    <p class='ocr_par' dir='ltr' id='par_1_6' title="bbox 420 2205 1162 2253">
     <span class='ocr_line' id='line_1_28' title="bbox 420 2205 1162 2253; baseline -0.004 -8"><span class='ocrx_word' id='word_1_214' title='bbox 420 2209 494 2245; x_wconf 74' lang='lat' dir='ltr'>lee</span> <span class='ocrx_word' id='word_1_215' title='bbox 513 2207 694 2244; x_wconf 83' lang='lat' dir='ltr'>Persians</span> <span class='ocrx_word' id='word_1_216' title='bbox 713 2205 931 2242; x_wconf 75' lang='lat' dir='ltr'>established</span> <span class='ocrx_word' id='word_1_217' title='bbox 944 2205 983 2242; x_wconf 76' lang='lat' dir='ltr'>in</span> <span class='ocrx_word' id='word_1_218' title='bbox 1003 2205 1162 2253; x_wconf 79' lang='lat' dir='ltr'>Europe.</span> 
     </span>
    </p>
   </div>
   <div class='ocr_carea' id='block_1_7' title="bbox 87 2296 1489 2424">
    <p class='ocr_par' dir='ltr' id='par_1_7' title="bbox 87 2296 1489 2424">
     <span class='ocr_line' id='line_1_29' title="bbox 146 2296 1489 2346; baseline -0.007 -3"><span class='ocrx_word' id='word_1_219' title='bbox 146 2302 395 2343; x_wconf 84' lang='lat' dir='ltr'>110.—Tum</span> <span class='ocrx_word' id='word_1_220' title='bbox 427 2300 567 2338; x_wconf 89' lang='lat' dir='ltr'>Darius</span> <span class='ocrx_word' id='word_1_221' title='bbox 599 2299 640 2336; x_wconf 90' lang='lat' dir='ltr'>in</span> <span class='ocrx_word' id='word_1_222' title='bbox 673 2298 806 2335; x_wconf 86' lang='lat' dir='ltr'>Asiam</span> <span class='ocrx_word' id='word_1_223' title='bbox 835 2296 963 2343; x_wconf 87' lang='lat' dir='ltr'>rediit,</span> <span class='ocrx_word' id='word_1_224' title='bbox 992 2296 1195 2334; x_wconf 89' lang='lat' dir='ltr'>Mardonio</span> <span class='ocrx_word' id='word_1_225' title='bbox 1228 2310 1314 2334; x_wconf 88' lang='lat' dir='ltr'>cum</span> <span class='ocrx_word' id='word_1_226' title='bbox 1341 2297 1489 2346; x_wconf 85' lang='lat' dir='ltr'>magnis</span> 
     </span>
     <span class='ocr_line' id='line_1_30' title="bbox 87 2365 1487 2424; baseline -0.007 -13"><span class='ocrx_word' id='word_1_227' title='bbox 87 2373 206 2424; x_wconf 86' lang='lat' dir='ltr'>copiis</span> <span class='ocrx_word' id='word_1_228' title='bbox 225 2372 265 2409; x_wconf 90' lang='lat' dir='ltr'>in</span> <span class='ocrx_word' id='word_1_229' title='bbox 284 2370 447 2408; x_wconf 87' lang='lat' dir='ltr'>Thracia</span> <span class='ocrx_word' id='word_1_230' title='bbox 474 2368 616 2406; x_wconf 85' lang='lat' dir='ltr'>relicto.</span> <span class='ocrx_word' id='word_1_231' title='bbox 674 2366 713 2404; x_wconf 90' lang='lat' dir='ltr'>Is</span> <span class='ocrx_word' id='word_1_232' title='bbox 742 2379 827 2403; x_wconf 88' lang='lat' dir='ltr'>cum</span> <span class='ocrx_word' id='word_1_233' title='bbox 847 2365 1014 2403; x_wconf 87' lang='lat' dir='ltr'>Thracas</span> <span class='ocrx_word' id='word_1_234' title='bbox 1042 2365 1256 2413; x_wconf 83' lang='lat' dir='ltr'>devicisset,</span> <span class='ocrx_word' id='word_1_235' title='bbox 1277 2365 1421 2415; x_wconf 85' lang='lat' dir='ltr'>legatos</span> <span class='ocrx_word' id='word_1_236' title='bbox 1441 2365 1487 2402; x_wconf 87' lang='lat' dir='ltr'>ad</span> 
     </span>
    </p>
   </div>
  </div>
 </body>
</html>
