1559 2463
127 68 197 103 108
324 68 558 105 SECOND
586 69 656 104 LA
669 70 776 105 TlN
794 68 1074 107 READING
1101 69 1271 107 BOOK.
1317 67 1437 119 [PART
1455 81 1514 106 111.

122 174 169 211 de
189 187 228 211 re
249 175 387 212 certior
405 175 529 212 factus
548 174 772 212 Alexander
791 188 879 213 suos
899 175 1004 225 sequi
1033 176 1148 213 iubet.
1206 176 1345 214 Bessus
1364 189 1454 214 vero
1483 181 1522 214 et

121 243 236 279 ceteri
256 242 435 280 facinoris
463 243 543 280 eius
570 243 775 292 participes
794 243 956 280 Darium
984 247 1191 293 coeperunt
1210 244 1355 282 hortari
1374 248 1419 281 ut
1438 257 1522 281 con—

121 311 319 348 scenderet
346 324 487 360 equum
515 316 553 348 et
582 325 620 348 se
648 311 751 348 hosti
779 312 949 360 eriperet.
1009 312 1080 349 Ille
1109 312 1200 350 deos
1229 313 1371 350 ultores
1391 312 1522 350 adesse

121 383 293 425 testatUS,
325 379 537 416 Alexandri
566 378 682 417 fidem
713 379 933 428 implorans,
967 384 1082 429 negat
1115 392 1154 417 se
1186 380 1392 430 parricidas
1424 380 1523 418 velle

120 448 300 485 comitari.
359 447 457 484 Tum
477 461 566 485 vero
585 448 642 485 ira
661 461 811 497 quoque
831 448 975 485 accensi
1004 448 1081 485 tela
1109 448 1315 486 coniiciunt
1334 449 1375 486 in
1393 461 1521 499 regem

120 515 325 565 multisque
354 516 571 553 confossum
599 516 821 553 vulneribus
850 516 1082 566 relinquunt.
1140 517 1362 554 Alexander
1393 521 1522 554 autem

119 586 288 623 hostium
321 586 576 636 trepidatione
610 591 806 636 comperta
842 587 990 636 equites
1023 587 1071 624 ad
1108 587 1359 624 inhibendam
1390 586 1521 636 fugam

119 655 251 701 mittit,
273 655 352 704 ipse
381 668 466 692 cum
486 655 620 692 ceteris
640 656 818 704 sequitur.
877 655 942 692 Fit
962 660 1107 705 strages
1126 655 1357 705 fugientium
1372 670 1381 702 3
1409 655 1521 692 multi

119 735 267 759 necnon
288 723 387 771 capti
408 723 597 771 pecudum
616 736 720 760 more
748 723 971 772 agebantur,
992 723 1148 761 iubente
1173 737 1260 773 rege
1280 728 1324 760 ut
1343 723 1521 760 caedibus

119 791 384 828 abstineretur.
444 791 552 828 Idem
581 791 689 829 Darii
718 792 880 830 cadaver
900 793 1011 842 regiis
1031 792 1240 830 honoribus
1260 792 1520 841 sepeliendum

119 860 276 897 curavit.

461 993 709 1029 Alea-amiam
728 994 895 1029 Address
915 998 949 1029 lo
968 994 1026 1029 lass
1046 995 1178 1040 Army.

173 1090 474 1128 ZZZ—Postea
503 1090 724 1128 Alexander
751 1096 978 1128 convocatos
1007 1091 1146 1128 milites
1175 1091 1215 1128 in
1243 1091 1344 1128 hunc
1363 1090 1520 1128 modum

120 1159 361 1196 contionatus
390 1166 456 1196 est.
515 1160 825 1209 Magnitudinem
859 1174 994 1206 rerum,
1026 1174 1118 1209 quas
1150 1161 1343 1209 gessimus,
1366 1160 1519 1206 milites,

118 1227 357 1265 intuentibus
391 1228 498 1265 vobis
531 1229 687 1266 minime
720 1229 860 1266 mirum
893 1233 950 1266 est
981 1234 1019 1266 et
1051 1228 1283 1266 desiderium
1313 1228 1452 1277 quietis
1482 1232 1521 1265 et

119 1296 335 1333 satietatem
355 1296 497 1345 gloriae
515 1310 718 1334 occurrere.
777 1297 853 1334 Sed
869 1302 907 1335 et
919 1297 983 1334 alii
999 1301 1204 1346 supersunt
1218 1297 1354 1334 hostes.
1414 1296 1521 1334 Sicut

119 1363 157 1400 in
179 1364 398 1412 001]·›oribus
418 1365 540 1414 aegris
560 1365 656 1402 nihil
685 1365 788 1414 quod
815 1366 1031 1402 nociturum
1052 1370 1110 1403 est
1129 1366 1265 1403 medici
1286 1365 1519 1414 relinquunt,

120 1432 171 1469 sic
200 1446 279 1478 nos,
311 1433 491 1482 quicquid
520 1433 649 1470 obstat
677 1434 835 1482 imperio
864 1434 1086 1471 recidamus.
1144 1434 1268 1471 Parva
1296 1446 1407 1482 saepe
1428 1433 1520 1470 scin-

122 1501 204 1537 tilla
232 1506 453 1550 contempta
481 1515 662 1551 magnum
692 1503 876 1539 excitavit
904 1503 1133 1540 incendium.
1193 1503 1327 1552 Itaque
1348 1502 1517 1548 Bessum,

120 1570 184 1618 qui
223 1570 421 1607 dominum
467 1570 725 1608 crudelissime
771 1572 1028 1618 obtruncavit,
1074 1572 1175 1609 idem
1221 1572 1260 1608 in
1306 1571 1521 1621 praesentia

120 1639 322 1676 minitatur
358 1640 479 1686 nobis,
519 1639 760 1686 insectemur,
798 1653 846 1677 ne
884 1654 969 1678 cum
1006 1641 1173 1678 fructum
1209 1641 1403 1690 parricidii
1440 1653 1521 1689 per-

123 1707 239 1756 cipiat
271 1712 353 1744 tum
387 1708 543 1745 Graccis
571 1710 713 1758 passim
742 1714 887 1747 noceat.
944 1710 1102 1747 Summa
1129 1710 1297 1747 militum
1324 1709 1519 1747 alacritate

118 1775 333 1813 iubentium
354 1790 579 1827 quocunqne
599 1778 716 1815 vellet
736 1777 893 1816 duceret
913 1779 1035 1816 oratio
1055 1783 1215 1828 excepta
1234 1783 1301 1816 est.

556 1957 734 2003 Cmssiug
749 1957 793 2004 of
805 1958 864 1993 the
888 1957 1085 1994 Caucasus.

170 2054 425 2093 223—Post
443 2059 576 2103 gentes
596 2055 742 2104 aliquot
764 2055 1008 2104 perdomitas,
1031 2056 1283 2093 seditionibus
1311 2067 1459 2093 necnon
1478 2054 1517 2092 in

117 2123 287 2160 exercitu
307 2124 540 2172 compressis,
562 2137 647 2161 cuin
667 2124 714 2161 de
734 2125 806 2162 reis
826 2138 967 2173 poenas
987 2125 1210 2174 sumpsisset
1228 2124 1450 2162 Alexander
1469 2123 1517 2161 ad

117 2190 330 2228 Caucasum
350 2190 557 2228 contendit.
615 2190 698 2238 Quo
726 2192 767 2228 in
794 2192 930 2229 itinere
958 2192 1081 2230 multa
1107 2192 1293 2230 militibus
1319 2190 1517 2229 toleranda

119 2263 240 2305 erant,
256 2259 363 2296 nives
383 2259 559 2296 insolitae
579 2259 805 2306 altitudinis,
827 2260 956 2310 frigus,
979 2260 1215 2310 defatigatio,
1237 2264 1515 2298 commeatuum

117 2324 281 2374 denique
326 2325 466 2374 inopia.
522 2325 669 2363 Multos
715 2326 951 2365 exanimavit
994 2327 1097 2376 rigor
1150 2327 1260 2373 nivis,
1306 2328 1514 2364 multorum
