1559 2463
39 69 143 94 PART
163 56 222 107 IL]
413 57 675 94 JJJSTORY
704 57 779 93 OF
803 57 1052 94 GREECE.
1391 57 1438 102 69

42 166 82 203 in
121 178 238 203 naves
275 164 476 202 armandas
514 177 680 214 opesque
718 163 993 213 comparandas
1029 167 1135 200 totus
1172 163 1356 209 incubuit,
1394 176 1441 200 ne

38 235 310 284 necopinantes
338 247 446 271 casus
466 233 602 282 aliquis
622 233 880 270 Athenienses
896 233 1137 281 opprimeret.
1198 232 1307 270 Idem
1336 232 1442 268 hum-

38 303 202 340 illimum
230 315 419 352 quemque
456 315 475 339 e
508 302 618 351 plebe
647 301 863 339 docendum
891 306 935 338 ut
963 314 1075 338 suum
1104 301 1265 350 quisque
1303 314 1442 337 munus

39 377 230 421 praestare
251 376 393 421 posset,
415 371 563 408 aiebat:
584 370 837 420 optimatibus
857 370 896 406 in
917 370 1051 418 primis
1072 369 1245 406 diffidere
1266 382 1358 416 sese,
1377 369 1442 418 qui

38 440 238 490 privilegia
266 452 431 489 opesque
459 439 605 488 patriae
643 438 843 476 commodo
873 443 1165 487 anteponerent,
1197 450 1443 486 amoremque

39 509 315 558 Spartanorum
351 508 505 545 nonnisi
543 508 629 545 ideo
667 507 915 544 conciliarent
951 512 996 544 ut
1028 507 1129 544 cives
1166 507 1205 543 in
1243 507 1363 544 officio
1402 520 1443 544 ac

40 577 276 615 servitudine
322 582 508 614 tenerent.
580 576 751 625 Ecquem
797 575 837 612 id
882 575 1008 621 malle,
1046 580 1091 613 ut
1127 580 1256 625 spreta
1301 575 1443 612 civium

40 646 238 684 voluntate
266 646 376 695 pauci
405 659 424 682 e
452 646 695 694 primoribUS,
716 657 827 682 suum
846 645 1008 694 quisque
1038 643 1281 681 commodum
1311 643 1442 689 secuti,

40 715 186 752 civibus
205 713 473 763 imperitarent
490 716 503 751 2

543 840 703 875 Pericles
731 839 771 875 in
792 844 932 886 power.

95 932 355 972 143.——Haec
383 937 421 969 et
450 931 636 980 eiusmodi
664 931 739 969 alia
767 931 1013 968 concionatus
1041 930 1142 967 cives
1170 931 1209 967 in
1238 943 1345 967 suam
1366 943 1445 968 sen-

38 1002 200 1039 tentiam
216 1002 342 1039 traxit.
403 1001 465 1038 Ita
480 1001 694 1038 sollicitatis
713 1000 914 1038 hominum
933 1000 1137 1045 mentibus,
1160 1001 1287 1037 nuntii
1307 1000 1446 1049 Sparta

39 1070 144 1107 missi
172 1070 316 1108 adeunt
344 1069 559 1118 docentque
589 1069 750 1106 Helotas
779 1069 972 1106 defecisse.
1031 1067 1235 1105 Auxilium
1264 1069 1304 1105 in
1332 1074 1444 1106 tanto

38 1150 165 1175 rerum
185 1136 403 1174 discrimine
433 1141 556 1174 orant.
604 1137 740 1186 Itaque
761 1141 914 1174 auctore
943 1136 1103 1174 Cimone
1124 1137 1253 1186 copiae
1274 1137 1444 1174 subsidio

39 1206 240 1256 Spartanis
259 1206 408 1251 missae,
430 1219 524 1254 quas
552 1205 655 1243 haud
676 1206 732 1242 ita
751 1205 874 1243 multo
894 1210 982 1255 post
1002 1205 1149 1255 Ephori
1170 1206 1445 1244 contumeliose

39 1275 276 1312 dimiserunt.
327 1273 411 1320 Qua
430 1273 569 1310 iniuria
597 1273 841 1310 exulcerante
861 1274 1021 1320 animos,
1046 1273 1307 1311 Athenienses
1327 1279 1442 1323 rupto

39 1357 124 1381 cum
153 1343 350 1392 Spartanis
380 1342 545 1388 foedere,
568 1355 652 1379 cum
672 1342 840 1393 Argivis,
863 1356 906 1380 ea
933 1356 1027 1392 gens
1048 1342 1246 1392 Spartanis
1265 1343 1444 1380 inimicis-

39 1413 135 1450 sima
155 1416 246 1457 erat,
269 1411 493 1448 societatem
513 1411 658 1448 ineunt.
716 1410 813 1448 Inde
833 1411 873 1448 in
893 1410 1104 1457 Cimonem,
1128 1411 1228 1448 tanti
1248 1411 1445 1448 dedecoris

38 1486 244 1526 auctorem,
274 1480 330 1517 ira
358 1480 498 1517 civium
535 1480 643 1517 verti.
704 1480 754 1525 Is,
784 1480 929 1517 frustra
966 1481 1270 1530 repugnantibus
1300 1481 1442 1527 amicis,

36 1550 76 1586 in
97 1549 273 1587 exsilium
289 1549 391 1586 abire
408 1554 559 1586 coactus
579 1553 646 1585 est.
705 1548 803 1585 Tum
824 1549 989 1586 Pericles
1010 1549 1188 1586 idoneam
1208 1550 1443 1587 occasionem

39 1623 175 1655 nactus
211 1618 376 1654 multum
422 1617 626 1666 potestatis
664 1618 918 1666 optimatibus
965 1618 1084 1664 exuit,
1124 1618 1280 1656 iubente
1319 1618 1443 1667 legem

39 1686 180 1735 populo
200 1691 244 1723 ut
264 1686 336 1723 civi
357 1686 491 1734 cuique
512 1685 643 1722 liceret
663 1686 886 1735 suffragium
906 1687 1016 1733 ferre,
1040 1691 1077 1723 et
1096 1692 1247 1735 partem
1267 1687 1445 1724 adminis-

37 1755 199 1792 trandae
219 1754 451 1803 reipublicae
472 1755 543 1791 sibi
565 1754 769 1791 vindicare.

458 1897 568 1933 Wars
587 1901 628 1932 al
646 1898 766 1933 Home
785 1897 865 1933 and
880 1898 1045 1933 Ahroad.

95 1987 359 2026 144.—Dum
396 1987 488 2025 haec
525 1993 712 2037 geruntur
749 1988 894 2025 bellum
939 1988 1136 2026 Persicum
1175 1989 1446 2036 crudescebat3

37 2062 189 2095 tantum
210 2057 310 2094 enim
326 2057 458 2094 aberat
474 2062 518 2094 ut
533 2057 792 2095 Athenienses
806 2063 963 2107 propter
978 2071 1108 2096 recens
1124 2063 1252 2107 partas
1267 2059 1446 2096 victorias

37 2126 128 2163 laeti
147 2130 347 2163 manerent
363 2126 476 2173 domi,
491 2132 535 2163 ut
554 2126 833 2176 in‘Aegyptum
849 2127 975 2176 copias
991 2128 1193 2164 mitterent
1208 2141 1303 2177 quae
1319 2128 1446 2165 Persis

38 2195 140 2232 ultro
176 2194 255 2231 vim
292 2194 490 2232 inferrent.
546 2194 793 2232 Verebantur
829 2200 959 2232 tamen
997 2200 1041 2233 ut
1078 2196 1173 2232 fines
1207 2209 1294 2233 suos
1327 2197 1446 2233 tutari

38 2268 204 2312 possent,
226 2263 257 2299 si
286 2277 307 2300 a
335 2263 625 2312 Peloponnesiis
645 2264 812 2313 impetus
832 2265 941 2301 fieret
956 2280 965 2311 3
984 2265 1116 2314 itaque
1137 2278 1222 2302 cum
1243 2265 1445 2314 Megaren-

0 2351 1 2370 ι
37 2331 141 2368 sibus
168 2331 303 2368 foedus
322 2331 451 2378 ictum,
482 2331 585 2381 quod
615 2332 902 2381 Peloponnesiis
932 2333 986 2370 ita
1015 2333 1158 2382 optime
1191 2333 1316 2371 resisti
1336 2347 1444 2383 posse
