1559 2463
126 84 174 117 34
352 72 586 108 SECOND
613 72 804 107 LATJN
824 72 1100 108 READJNG
1127 71 1296 109 BOOK.
1352 69 1471 122 [PART
1491 82 1512 108 1.

124 181 213 219 belli
243 182 505 230 peritissimus.
581 181 628 218 In
658 181 783 219 locum
811 181 960 219 Metelli
997 182 1175 219 suffectus
1207 182 1350 219 bellum
1387 183 1519 232 Iugur-

122 250 276 287 thinum
306 263 484 299 prospere
514 256 690 299 coeptum
721 250 893 295 confecit,
917 250 1144 300 Iugurtham
1164 251 1404 300 triumphans
1427 255 1516 288 ante

122 332 273 356 currum
319 319 404 368 egit.
477 319 572 357 Inde
608 333 693 356 eum
739 319 924 357 exercitui
956 324 1148 368 praeesset
1180 324 1218 357 et
1263 319 1518 369 patrocinium

121 388 242 437 plebis
279 388 515 437 suscepisset,
555 388 725 426 omnium
763 389 903 426 civium
939 389 1228 438 potentissimus
1265 388 1348 426 fuit.
1420 388 1518 426 Cum

122 457 223 494 enim
268 456 368 494 bella
413 470 568 507 peregre
605 463 838 506 gererentur,
878 457 990 495 multi
1027 457 1201 495 homines
1238 457 1429 506 stipendia
1469 456 1517 493 ob

120 525 266 563 lucrum
295 525 497 571 faciebant,
526 539 649 574 neque
677 531 720 563 ut
748 531 860 563 antea
888 526 987 563 cives
1015 526 1160 563 indicto
1189 525 1288 562 bello
1317 525 1518 562 sumebant

121 606 235 639 arma,
256 594 365 630 finito
393 594 597 642 ponebant.
657 593 802 631 Marius
831 599 869 631 et
897 594 977 643 ipse
1000 594 1108 631 miles
1137 593 1324 630 militibus
1352 592 1515 643 gratissi—

121 675 205 699 mus
225 667 315 708 erat,
339 662 467 712 itaque
487 676 557 711 ope
578 663 767 700 exercitus
787 663 968 712 quicquid
984 662 1101 700 vellet
1116 662 1155 699 id
1175 661 1333 711 exsequi
1353 666 1513 711 poterat.

445 854 539 889 War
555 853 647 889 wt'tlz
668 855 727 889 tlte
752 853 898 890 Cimbri
913 854 993 889 and
1014 854 1196 889 Teutones.

171 952 404 991 72.-Dum
432 952 575 990 bellum
621 953 660 989 in
698 952 882 990 Numidia
927 957 1060 990 contra
1096 952 1322 1002 Iugurtham
1358 952 1514 1001 geritur,

120 1021 266 1058 Cimbri
295 1026 333 1058 et
365 1021 530 1058 Teutoni
570 1021 760 1059 adiunctis
797 1022 880 1059 aliis
926 1022 1205 1059 Germanorum
1242 1026 1281 1059 et
1318 1021 1515 1058 Gallorum

117 1090 297 1140 gentibus
317 1090 451 1127 Italiae
470 1091 726 1137 minabantur,
748 1096 900 1141 tresque
929 1091 1190 1128 Romanorum
1213 1090 1402 1128 exercitus
1421 1089 1517 1126 vice-

119 1163 219 1196 runt.
295 1158 349 1196 Hi
385 1159 476 1196 novi
522 1159 664 1206 hostes,
711 1159 759 1197 ab
805 1159 987 1197 extremis
1030 1159 1257 1197 Germaniae
1295 1164 1333 1196 et
1370 1158 1516 1196 Galliae

120 1227 258 1265 finibus
288 1228 451 1278 profugi,
486 1241 604 1266 novas
635 1228 742 1266 sedes
776 1229 1019 1278 quaerebant.
1091 1228 1231 1278 Ingens
1262 1227 1337 1264 fuit
1372 1227 1516 1265 Romae

119 1296 245 1342 timor,
279 1297 500 1334 verentibus
533 1297 679 1335 civibus
712 1310 759 1334 ne
789 1297 929 1334 iterum
966 1297 1069 1334 Galli
1106 1297 1239 1334 urbem
1277 1300 1513 1345 occuparent.

118 1364 254 1413 Itaque
287 1364 434 1402 Marius
467 1365 597 1403 consul
618 1370 775 1411 creatus,
798 1366 908 1415 eique
933 1365 1075 1402 bellum
1107 1370 1238 1402 contra
1274 1364 1449 1403 Cimbros
1479 1368 1518 1401 et

119 1432 313 1471 Teutonos
333 1433 529 1471 decretum
548 1439 628 1481 est3
656 1434 831 1483 belloque
852 1439 1055 1483 protracto,
1077 1433 1212 1470 tertius
1241 1433 1275 1470 ei
1303 1438 1341 1470 et
1361 1437 1517 1482 quartus

119 1501 337 1539 consulatus
352 1502 501 1539 delatus
516 1507 582 1539 est.
630 1502 824 1540 Teutonos
841 1502 962 1552 primo
978 1502 1135 1540 adortus
1154 1502 1297 1551 proelio
1318 1501 1515 1551 oppressit,

119 1575 303 1619 tantaque
323 1570 456 1607 caedes
476 1570 646 1608 hostium
662 1570 737 1607 fuit
756 1576 799 1607 ut
812 1571 974 1608 victores
994 1570 1041 1607 de
1055 1574 1210 1607 cruento
1230 1569 1396 1615 flumine,
1415 1568 1516 1617 quod

118 1652 235 1688 prope
255 1639 423 1677 hostium
444 1644 566 1676 castra
585 1644 675 1686 erat,
695 1652 771 1677 non
791 1639 875 1688 plus
896 1652 1014 1688 aquae
1030 1639 1169 1677 bibisse
1189 1651 1303 1688 quam
1323 1637 1517 1686 sanguinis

118 1707 343 1745 dicerentur.
402 1707 551 1745 Deletis
588 1708 772 1745 Teutonis
801 1708 976 1745 Cimbros
1009 1707 1124 1745 simili
1157 1707 1262 1745 clade
1294 1706 1441 1753 affecit,
1469 1719 1516 1742 ne

120 1776 342 1814 mulieribus
362 1776 517 1824 quidem
538 1782 576 1814 et
595 1776 806 1814 infantibus
827 1789 981 1825 parsum
1001 1781 1068 1814 est.

618 1960 755 1995 Lucius
775 1960 1015 1996 Saturninus.

171 2058 481 2107 73.—-Magnam
526 2057 678 2096 laudem
719 2062 912 2096 assecutus
954 2062 1112 2107 propter
1152 2058 1298 2096 deletos
1335 2058 1516 2095 barbaros

120 2127 266 2165 Marius
285 2126 480 2175 potentior
499 2126 538 2162 in
559 2126 640 2163 (lies
659 2126 783 2164 fiebat.
842 2126 978 2176 Neque
1006 2131 1134 2164 tamen
1161 2126 1340 2176 prodeese
1369 2125 1515 2163 civitati

119 2194 274 2232 volebat
293 2193 359 2231 sed
380 2194 579 2231 commodo
599 2193 780 2232 studebat
808 2208 885 2232 suo.
943 2195 1079 2244 Itaque
1107 2194 1258 2244 plebem
1285 2194 1371 2243 plus
1389 2193 1516 2231 valere

119 2268 235 2307 ratus,
273 2262 390 2299 Lucio
428 2262 635 2299 Saturnino
672 2262 827 2299 tribuno
864 2262 986 2311 plebis
1030 2262 1132 2312 leges
1175 2262 1341 2312 agrarias
1377 2261 1515 2299 ferenti

119 2330 260 2368 auxilio
279 2329 362 2366 fuit.
420 2329 536 2366 Facto
562 2329 700 2367 deinde
720 2330 889 2367 tumultu
908 2330 1076 2367 Marium
1095 2334 1301 2367 oraverunt
1320 2334 1447 2379 patres
1472 2333 1515 2365 ut
