1559 2463
26 49 28 52 ’
64 52 269 104 PART111.]
386 52 756 90 ALEXANDER
790 52 909 88 THE
942 52 1150 90 GREAT.
1398 65 1466 100 131

63 174 361 212 progressusque
381 160 508 210 quoad
537 164 623 198 tuto
653 163 792 209 posset,
824 163 1004 197 naturam
1032 159 1148 197 maris
1176 163 1371 197 nosceret:
1409 160 1471 197 vel

63 230 199 268 eodem
218 242 328 267 amne
347 228 408 266 vel
436 228 634 278 Euphrate
663 227 790 265 subire
819 240 907 265 eum
934 241 1056 277 posse,
1078 240 1164 264 cum
1192 227 1333 265 reverti
1353 227 1401 264 ad
1430 240 1469 265 se

62 298 188 336 vellet.
246 298 405 346 Iamque
425 297 598 344 navibus,
622 309 719 346 quae
740 296 896 334 inutiles
916 296 1158 345 videbantur,
1177 296 1352 334 crematis
1369 301 1471 334 terra

63 366 229 404 (lucebat
248 365 470 403 exercitum.

506 498 713 546 Slffirings
732 511 776 535 on
797 499 858 535 the
874 499 1021 535 March.

117 591 376 631 268.-—Inde
422 590 653 628 Macedones
690 591 886 640 tripertito
934 590 1051 627 Indos
1087 591 1275 640 populari,
1313 604 1471 641 magnas

62 660 223 710 praedas
243 673 363 709 agere.
420 659 517 696 Mox
536 659 585 696 ad
605 659 820 697 maritimos
841 659 958 696 Indos
971 664 1208 709 perventum.
1268 660 1471 698 Desertam

63 734 287 778 vastamque
307 728 501 777 regionem
520 728 596 765 late
625 732 761 765 tenent
780 741 822 765 ac
841 741 888 765 ne
909 741 994 765 cum
1014 728 1188 765 finitimis
1208 728 1364 777 quidem
1392 729 1470 767 ullo

63 797 279 834 commercii
293 797 374 834 iure
390 797 608 834 miscentur.
667 797 757 846 Ipsa
777 796 945 834 solitudo
966 801 1105 834 natura
1125 810 1277 846 quoque
1305 797 1471 835 immitia

64 868 236 905 efferavit
272 867 447 917 ingenia:
494 867 716 916 prominent
753 880 900 917 ungues
937 880 1135 916 nunquam
1171 867 1302 915 recisi;
1341 881 1469 906 comae

63 936 233 973 hirsutae
253 941 291 973 et
310 936 484 973 intonsae
514 940 613 973 sunt.
672 935 843 985 Tuguria
871 935 1024 973 conchis
1052 936 1251 973 instruunt
1265 951 1274 983 3
1303 935 1469 974 ferarum

62 1005 225 1054 pellibus
243 1005 347 1051 tecti,
368 1004 533 1053 piscibus
553 1005 630 1041 sole
659 1003 805 1041 duratis
825 1008 864 1041 et
882 1004 1070 1041 maiorum
1091 1017 1241 1053 quoque
1270 1004 1470 1042 beluarum

63 1087 156 1123 quas
176 1073 312 1110 fluctus
332 1073 454 1118 eiecit,
475 1085 585 1109 carne
606 1077 821 1110 vescuntur.
880 1072 1130 1121 Consumptis
1146 1073 1264 1122 igitur
1277 1073 1469 1111 alimentis

63 1141 294 1179 Macedones
322 1141 445 1191 primo
474 1140 655 1190 inopiam,
690 1141 829 1178 deinde
858 1140 907 1178 ad
935 1141 1116 1178 ultimum
1153 1141 1294 1178 famem
1328 1143 1469 1180 sentire

63 1216 280 1261 coeperunt,
315 1211 461 1248 radices
498 1210 724 1260 palmarum,
755 1223 921 1260 namque
955 1210 1035 1248 sola
1065 1224 1109 1248 ea
1141 1211 1253 1248 arbor
1285 1211 1466 1261 gignitur,

62 1281 253 1318 rimantes.
314 1280 459 1327 Quibus
492 1279 728 1328 consumptis
748 1279 920 1317 iumenta
948 1279 1103 1317 caedere
1133 1279 1263 1327 coacti,
1285 1292 1333 1316 ne
1362 1281 1469 1329 equis

62 1349 218 1399 quidem
238 1349 491 1387 abstinebant.
550 1349 708 1386 Famem
729 1347 868 1386 deinde
888 1348 1109 1398 pestilentia
1129 1352 1258 1385 secuta
1287 1353 1355 1395 est,
1377 1362 1467 1386 nam

62 1418 315 1456 insalubrium
334 1418 506 1455 ciborum
533 1418 624 1454 novi
644 1417 734 1464 suci,
757 1417 805 1454 ad
825 1417 896 1455 hoe
914 1417 1062 1454 itineris
1082 1417 1190 1454 labor
1209 1422 1248 1454 et
1267 1418 1467 1467 aegritudo

63 1487 181 1524 animi
208 1488 432 1537 vulgaverat
461 1487 622 1523 morbos.
682 1485 854 1523 Multum
892 1499 981 1523 sane
1019 1485 1243 1523 detrimenti
1281 1487 1467 1536 accepisse

63 1555 274 1593 exercitum
310 1555 402 1592 satis
449 1559 598 1592 constat
643 1554 749 1604 prius
795 1567 911 1604 quam
956 1554 997 1591 in
1042 1554 1248 1592 fertiliores
1292 1555 1467 1605 regiones

61 1624 253 1674 perveniri
272 1628 409 1673 posset.

323 1751 471 1787 Relurn
491 1755 526 1787 2‘0
546 1749 690 1786 Persia.
747 1750 925 1797 Feastz'slg
938 1750 1018 1786 and
1033 1750 1200 1797 Revelry.

115 1840 360 1880 269.-Iam
396 1845 479 1877 tum
511 1853 590 1886 rex,
621 1853 712 1877 mox
744 1839 783 1876 in
816 1839 1014 1877 Persidem
1047 1844 1134 1889 post
1171 1844 1230 1877 tot
1262 1844 1466 1890 tantosque

61 1909 210 1946 labores
247 1908 450 1955 rediturus,
485 1908 624 1946 Bacchi
662 1908 913 1958 triumphum,
954 1908 1065 1946 victis
1103 1908 1237 1946 Indiae
1275 1911 1464 1960 gentibus,

62 1977 205 2015 imitari
241 1978 450 2015 constituit.
509 1977 624 2015 Vicos
661 1977 791 2027 igitur,
829 1990 898 2027 per
935 1991 1030 2027 quos
1066 1977 1141 2015 iter
1178 1983 1270 2025 erat,
1309 1979 1465 2017 floribus

63 2046 286 2095 coronisque
307 2046 425 2083 sterni
454 2045 571 2092 iubet,
594 2045 791 2083 liminibus
819 2045 972 2083 aedium
1001 2050 1166 2083 crateras
1181 2046 1271 2084 vino
1300 2047 1466 2097 repletas

62 2119 101 2152 et
137 2114 211 2152 alia
249 2114 410 2151 eximiae
447 2113 725 2164 magnitudinis
762 2127 854 2152 vasa
890 2114 1067 2163 disponi:
1106 2114 1280 2152 vehicula
1325 2115 1464 2154 deinde

63 2188 268 2229 constrata,
297 2188 342 2220 ut
368 2183 497 2232 plures
525 2196 658 2232 capere
686 2183 829 2220 milites
866 2188 1034 2233 possent,
1063 2184 1103 2220 in
1131 2183 1464 2223 tabernaculorum

61 2252 219 2290 modum
251 2251 388 2297 ornari,
419 2251 492 2288 alia
525 2251 696 2288 candidis
728 2251 833 2298 velis,
865 2251 939 2289 alia
970 2256 1076 2290 veste
1109 2251 1285 2301 pretiosa.
1342 2253 1464 2291 Primi

61 2321 171 2358 ibant
190 2319 301 2358 amici
320 2320 435 2358 variis
453 2320 623 2358 redimiti
646 2320 803 2358 fioribus
823 2336 829 2359 :
858 2321 948 2359 alibi
977 2321 1179 2359 tibicinum
1207 2325 1351 2369 cantus,
1373 2323 1465 2361 alibi
