1559 2463
120 55 189 90 106
317 55 554 93 SECOND
584 56 773 92 LATJN
793 57 1071 94 READJNG
1098 57 1268 94 BOOK.
1311 54 1432 107 [PART
1452 67 1509 93 111.

765 185 872 222 Susa.

165 274 415 313 217.—Cum
445 274 678 324 aliquamdiu
698 275 895 324 Babylone
924 280 1177 313 commoratus
1197 280 1297 314 esset
1323 289 1391 313 rex
1421 275 1517 313 Susa

112 342 319 379 contendit.
395 342 453 379 Ut
489 356 580 380 vero
618 343 750 380 urbem
788 343 948 381 intravit
984 343 1206 381 incredibile
1244 357 1292 381 ex
1328 343 1517 381 thesauris

112 409 261 458 pondus
281 411 362 447 auri
391 411 614 461 argentique
634 412 781 461 egessit,
804 412 915 449 multi
937 412 1038 449 enim
1066 425 1172 461 reges
1192 412 1260 449 has
1279 416 1407 449 tantas
1427 424 1517 460 opes

113 477 401 516 cumulaverant
433 479 605 527 posteris,
637 493 730 528 quas
763 493 839 517 una
875 480 969 517 hora
1001 480 1040 517 in
1074 480 1225 517 externi
1254 480 1353 530 regis
1381 492 1517 516 manus

112 546 254 584 intulit.
311 547 496 585 Consedit
523 547 662 585 deinde
691 548 730 585 in
763 549 867 598 regia
895 548 987 585 sella
1016 548 1138 586 multo
1167 548 1373 585 excelsiore
1402 560 1517 597 quam

112 627 180 663 pro
218 614 352 652 habitu
390 616 566 665 corporis.
644 616 780 665 Itaque
818 629 902 653 cum
940 616 1056 665 pedes
1093 617 1211 654 imum
1248 616 1409 666 gradum
1442 629 1519 653 non

113 683 391 732 contingerent,
413 697 510 720 unus
530 697 549 720 e
568 683 755 721 militibus
783 697 955 721 mensam
974 684 1148 722 subdidit
1175 684 1348 734 pedibus.
1407 682 1519 729 Quod

112 763 198 787 cum
229 751 380 788 fecisset
413 765 650 801 servumque,
685 753 748 801 qui
783 753 889 790 Darii
924 753 1057 799 fuerat,
1092 754 1405 802 ingemiscentem
1437 765 1521 789 con-

113 819 301 867 spexisset
320 833 398 866 rex,
421 833 570 857 causam
600 821 814 858 maestitiae
834 822 1031 870 quaesivit.
1093 821 1162 859 Ille
1192 826 1334 868 contra,
1358 820 1519 857 Darium

112 887 212 924 vesci
231 888 272 924 in
301 901 344 925 ea
372 887 538 934 solitum,
560 901 674 937 seque
703 902 848 926 sacram
867 903 1038 928 mensam
1058 889 1105 927 ad
1134 889 1343 927 ludibrium
1371 901 1521 926 versam

113 955 194 992 sine
226 955 391 993 lacrimis
423 957 638 1005 conspicere
671 970 749 995 non
783 970 903 1006 posse.
971 957 1098 995 Subiit
1131 970 1220 1008 ergo
1257 970 1383 1007 regem
1420 969 1522 994 vere-

114 1024 253 1062 cundia
285 1025 455 1062 violandi
483 1025 693 1074 hospitales
722 1025 813 1063 deos
829 1041 838 1073 3
871 1026 1023 1075 iamque
1051 1026 1209 1064 subduci
1238 1026 1405 1071 iubebat,
1437 1038 1521 1062 cum

115 1093 289 1130 Philotas
318 1107 417 1130 unus
450 1107 469 1131 e
504 1093 686 1131 ducibus:
725 1094 886 1132 Minime
916 1108 1006 1132 vero
1038 1094 1130 1132 haec
1162 1094 1306 1140 feceris,
1342 1107 1420 1139 rex,
1456 1092 1522 1130 sed

116 1174 227 1199 omen
256 1175 406 1211 quoque
435 1163 572 1211 accipe,
595 1176 776 1209 mensam,
799 1177 846 1200 ex
866 1177 941 1213 qua
969 1163 1105 1201 libavit
1132 1163 1254 1200 hostis
1283 1162 1422 1212 epulas,
1445 1161 1522 1198 tuis

115 1229 277 1278 pedibus
298 1243 378 1268 esse
399 1231 620 1268 subiectam.

630 1402 666 1436 Α
671 1400 875 1437 [ι’,ναη(ιέν’ς
894 1403 1014 1438 Feast.

170 1498 466 1537 218.—Postea
485 1498 524 1535 in
545 1499 742 1536 Persidem
762 1499 1011 1536 contendenti
1040 1499 1192 1536 obviam
1212 1499 1323 1536 factis
1351 1498 1525 1535 hostibus

118 1567 255 1604 acriter
270 1566 525 1604 resistendum
544 1567 628 1613 fuit,
644 1568 790 1605 viarum
807 1581 954 1605 necnon
970 1568 1213 1605 difficultates
1229 1567 1524 1616 exsuperandae.

119 1635 265 1682 Quibus
293 1636 333 1672 in
352 1635 529 1684 periculis
556 1635 658 1672 idem
688 1649 836 1685 semper
864 1637 1023 1682 animus,
1045 1636 1176 1674 eadem
1206 1636 1420 1673 constantia
1448 1635 1526 1685 regi
1556 1676 1557 1681 ¹

119 1702 204 1749 fuit,
225 1716 339 1752 quem
368 1716 499 1741 omnes
527 1704 744 1741 mirabundi
773 1717 850 1741 non
880 1704 986 1741 ducis
1014 1704 1128 1742 modo
1157 1704 1223 1741 sed
1252 1704 1367 1741 etiam
1395 1703 1527 1740 militis

118 1785 276 1809 munera
313 1771 485 1820 quotidie
523 1772 728 1809 obeuntem
766 1773 1059 1821 conspiciebant.
1129 1772 1309 1810 Ceterum
1342 1772 1446 1809 illam
1474 1772 1527 1808 in-

119 1840 257 1886 dolem,
278 1840 384 1877 illam
412 1841 452 1877 in
472 1841 679 1877 subeundis
700 1841 875 1889 periculis
895 1841 1089 1886 virtutem,
1111 1841 1150 1877 in
1171 1840 1323 1877 deditos
1342 1840 1467 1885 fidem,
1487 1840 1526 1876 in

119 1908 290 1957 captivos
327 1907 581 1954 clementiam,
619 1907 721 1945 haud
759 1907 948 1945 tolerabili
981 1908 1060 1945 vini
1098 1907 1307 1957 cupiditate
1344 1906 1523 1944 foedavit.

120 1976 171 2013 Et
189 1976 291 2013 inter
310 1975 384 2013 alia
402 1976 557 2025 flagitia,
579 1976 815 2025 Persepolim
844 1980 958 2025 caput
979 1975 1146 2013 Persidis
1174 1988 1259 2013 cum
1277 1975 1381 2024 regia
1408 1974 1526 2020 Darii,

121 2045 307 2082 suadente
327 2044 485 2091 Thaide,
507 2044 633 2094 puella
661 2045 766 2082 cuius
795 2058 922 2083 amore
951 2045 1161 2094 deperibat,
1182 2058 1250 2094 per
1277 2044 1527 2082 vinolentiam

120 2114 208 2163 igne
224 2113 489 2151 concremavit.
547 2113 662 2150 Forte
679 2126 809 2151 omnes
824 2126 929 2151 mero
944 2113 1190 2159 incaluerant,
1209 2118 1247 2150 et
1267 2126 1352 2149 cum
1371 2112 1529 2161 petisset

121 2181 238 2218 Thais
258 2186 302 2218 ut
330 2182 531 2218 Graeciam
550 2181 796 2219 ulcisceretur
823 2182 977 2219 incensa
996 2182 1110 2231 regia,
1132 2181 1277 2231 primus
1306 2194 1372 2218 rex
1400 2181 1527 2229 ignem

121 2251 234 2287 domo
263 2251 404 2296 iniecit,
427 2250 565 2287 deinde
594 2255 756 2300 surgunt
784 2250 987 2288 temulenti
1015 2262 1145 2288 omnes
1173 2249 1222 2287 ad
1249 2248 1526 2286 incendendam

122 2320 257 2357 urbem
277 2319 336 2356 cui
356 2319 493 2356 armati
514 2324 772 2368 pepercerant.
