1559 2463
74 58 178 87 PART
197 47 274 101 111.]
400 49 770 87 ALEXANDER
804 50 924 87 THE
957 49 1167 88 GREAT.
1410 62 1480 99 133

73 157 256 204 infensus,
277 157 367 195 inde
398 157 606 195 Numidiae
636 157 908 195 solitudinibus
936 157 1147 208 peragratis
1176 170 1327 195 cursum
1356 157 1483 195 Gades

72 225 248 276 dirigere,
285 225 340 264 ibi
378 226 481 264 enim
526 226 723 264 columnas
762 225 940 263 Herculis
978 238 1058 264 esse
1104 225 1207 263 fama
1244 226 1481 275 vulgaverat,

73 294 280 344 Hispanias
299 294 449 341 deinde,
472 307 565 344 quas
585 295 753 333 Iberiam
773 294 910 332 Graeci
930 308 952 332 a
970 294 1128 332 flumine
1148 294 1260 332 Ibero
1280 295 1480 342 vocabant,

73 362 178 400 adire
216 367 255 401 et
282 363 525 413 praetervehi
554 363 674 413 Alpes
703 363 915 413 Italiaeque
954 376 1071 410 oram,
1105 362 1208 401 unde
1245 363 1286 400 in
1321 363 1482 412 Epirum

73 431 199 469 brevis
228 445 358 469 cursus
386 436 452 470 est.
511 432 648 482 Itaque
676 432 980 481 Mesopotamiae
1009 432 1250 481 praetoribus
1278 432 1484 481 imperavit

72 500 232 538 materia
263 501 304 538 in
335 501 485 539 Libano
517 505 650 539 monte
683 514 791 539 caesa
824 500 1058 551 devectaque
1096 500 1145 538 ad
1177 501 1313 539 urbem
1350 501 1483 550 Syriae

70 569 324 619 Thapsacum,
347 569 679 621 septingentarum
699 570 844 608 carinas
864 570 1022 608 navium
1041 583 1192 620 ponere.
1250 570 1483 620 Cypriorum

71 650 219 676 necnon
234 638 388 688 regibus
408 638 640 688 imperatum
658 643 702 676 ut
722 651 784 677 aes
805 643 1060 689 stuppamque
1080 642 1119 676 et
1138 638 1224 677 vela
1241 639 1478 689 praeberent.

398 789 588 826 Dlsorder
604 802 742 837 among
763 790 975 828 Governors
993 790 1146 827 clzecked.

124 887 371 928 272.—H00
419 888 498 927 fere
548 892 720 939 tempore
770 889 994 928 Alexander
1047 889 1186 939 punita
1240 892 1482 939 satraparum

72 956 315 1006 quorundam
350 957 566 1004 insolentia,
596 971 723 1007 quam,
754 958 846 995 dum
883 959 924 995 in
961 962 1134 996 extremo
1173 958 1264 995 orbe
1296 957 1483 995 Indorum

73 1026 187 1063 armis
205 1025 403 1073 retinetur,
424 1039 493 1076 per
512 1039 661 1064 summa
680 1026 821 1065 scelera
849 1031 966 1076 atque
986 1027 1132 1077 flagitia
1159 1026 1200 1064 in
1227 1026 1483 1076 provinciales

73 1099 332 1142 exercuerant,
355 1099 393 1132 et
412 1099 557 1133 ceteros
577 1108 747 1133 coercere
768 1096 991 1134 constituit:
1021 1096 1087 1146 qui
1101 1096 1142 1133 in
1161 1095 1318 1145 paribus
1333 1094 1483 1132 delictis

73 1162 177 1201 idem
208 1163 464 1201 admissorum
496 1163 680 1202 scelerum
707 1164 921 1214 praemium
955 1168 1222 1214 exspectantes
1250 1164 1290 1201 in
1318 1176 1483 1201 mercen-

74 1231 241 1269 ariorum
268 1232 437 1269 militum
465 1232 581 1270 fidem
601 1233 887 1283 confugiebant,
908 1237 952 1270 ut
979 1233 1134 1270 illorum
1161 1233 1352 1278 manibus,
1374 1232 1405 1270 si
1434 1231 1483 1269 ad

73 1300 301 1350 supplicium
328 1306 586 1350 poscerentur,
617 1302 779 1342 salutem
808 1315 915 1339 suam
944 1306 1186 1339 tutarentur:
1216 1306 1283 1339 aut
1309 1301 1480 1350 pecunia,

73 1373 218 1417 quanta
236 1373 399 1418 poterat,
421 1374 560 1416 coacta,
582 1370 713 1420 fugam
733 1370 893 1408 inibant.
952 1369 1008 1408 Ea
1036 1383 1076 1408 re
1097 1369 1260 1420 cognita,
1282 1369 1414 1407 literae
1434 1368 1484 1406 ad

73 1452 204 1477 omnes
231 1440 347 1477 Asiae
375 1445 569 1489 praetores
597 1440 734 1478 missae
763 1445 863 1487 sunt,
895 1440 1034 1490 quibus
1062 1440 1244 1490 inspectis
1273 1453 1292 1477 e
1320 1439 1483 1489 vestigio

73 1521 204 1545 omnes
250 1509 470 1558 peregrinos
516 1509 669 1555 milites,
718 1509 783 1558 qui
825 1509 1017 1559 stipendia
1064 1509 1134 1547 sub
1170 1509 1263 1559 ipsis
1300 1508 1482 1554 facerent,

71 1575 267 1614 dimittere
286 1576 528 1615 iubebantur.

398 1728 619 1764 Alexander
633 1728 746 1765 clears
764 1729 822 1765 tlze
839 1729 962 1776 Army
981 1728 1027 1775 of
1036 1729 1146 1765 Debt.

125 1826 421 1877 273.-—Neque
441 1827 497 1865 ita
511 1828 633 1865 multo
646 1832 733 1877 post
747 1841 827 1874 rex,
847 1828 1060 1866 senioribus
1076 1828 1245 1865 militum
1260 1827 1300 1865 in
1319 1827 1484 1877 patriam

72 1896 251 1942 remissis
282 1896 467 1933 tredecim
494 1897 601 1934 milia
620 1897 795 1947 peditum
814 1901 853 1935 et
873 1897 949 1935 duo
977 1897 1084 1935 milia
1103 1897 1288 1947 equitum,
1319 1910 1415 1947 quae
1444 1897 1486 1934 in

72 1963 166 2001 Asia
185 1964 381 2011 retineret,
402 1964 491 2014 eligi
510 1965 632 2012 iussit,
653 1966 802 2004 modico
823 1966 995 2004 exercitu
1014 1966 1202 2004 contineri
1221 1978 1330 2015 posse
1350 1965 1485 2003 Asiam

71 2036 188 2078 ratus,
208 2032 298 2081 quia
312 2031 486 2081 pluribus
499 2032 590 2070 locis
605 2034 796 2083 praesidia
810 2033 1079 2084 disposuisset:
1100 2047 1298 2084 nuperque
1311 2034 1485 2072 conditas

67 2101 191 2146 urbes,
210 2113 304 2149 quas
320 2100 463 2138 colonis
482 2101 676 2150 replesset,
698 2115 826 2140 rerum
855 2102 1123 2140 novandarum
1151 2103 1300 2152 cupidis
1329 2103 1483 2141 obstare

72 2168 262 2206 credebat.
320 2168 433 2206 Prius
461 2173 593 2207 tamen
620 2183 737 2219 quam
765 2174 979 2208 secerneret
1011 2183 1106 2220 quos
1141 2175 1223 2208 erat
1250 2175 1482 2217 retenturus,

75 2235 208 2282 edixit,
243 2239 288 2273 ut
316 2249 448 2274 omnes
467 2236 610 2275 milites
638 2250 701 2275 aes
729 2237 897 2275 alienum
916 2238 1198 2287 profiterentur.
1256 2238 1368 2286 Quod
1401 2251 1487 2276 cum

71 2316 187 2353 grave
207 2316 288 2342 esse
307 2305 565 2354 comperisset,
587 2318 807 2355 quanquam
826 2305 997 2356 ipsorum
1016 2305 1112 2344 luxu
1130 2310 1370 2345 contractum
1390 2310 1484 2354 erat,
