1559 2463
40 44 205 96 PART1.]
453 47 713 84 HISTORY
741 48 816 84 OF
835 48 1016 84 ROME.
1393 60 1437 97 25

40 151 144 198 Quae
181 152 337 190 consilia
373 153 556 191 Romanis
598 153 763 191 multum
804 154 991 203 profuere,
1032 168 1118 192 cum
1159 169 1237 193 non
1282 155 1442 193 auderet

39 219 190 257 Poenus
222 220 270 257 ad
302 221 437 259 urbem
469 221 656 267 accedere,
691 235 738 259 ne
767 223 918 272 agmine
951 236 1020 272 per
1047 223 1217 261 hostium
1245 224 1339 261 fines
1367 224 1442 261 iter

37 287 211 334 faciente,
231 289 460 338 impeditum
480 303 501 327 a
521 295 628 340 tergo
647 289 790 328 Fabius
810 290 1034 330 adoriretur.

401 472 606 509 ffiznm'bal
620 478 757 520 escapes
764 473 872 520 from
893 474 1060 521 Danger.

89 571 360 619 5l.⁷—Quibus
379 571 525 609 artibus
545 583 636 608 usus
652 571 793 609 Fabius
808 571 982 609 Poenum
1002 573 1040 609 in
1061 573 1248 623 angustiis
1269 573 1442 620 inclusit3

36 639 103 677 sed
130 639 194 677 ille
223 639 395 677 callidior
423 644 504 676 erat
532 652 646 689 quam
675 640 741 689 qui
769 639 878 677 facile
908 641 991 689 capi
1016 646 1155 690 posset.
1213 642 1314 679 Nam
1333 642 1441 679 arida

35 712 227 745 sarmenta
255 708 371 745 boum
399 707 576 744 cornibus
605 707 761 757 alligata
789 719 905 746 noctu
933 709 1126 747 incendit:
1165 710 1281 747 boves
1309 709 1440 747 dolore

35 782 73 813 et
92 776 266 814 flammae
286 776 368 814 luce
389 777 534 814 efferati
554 789 622 826 per
640 781 790 814 montes
811 777 1003 827 silvasque
1023 778 1097 815 huc
1112 778 1201 816 illuc
1217 779 1436 816 discurrere.

36 844 147 892 Quod
166 845 232 883 ubi
251 845 607 882 animadverterunt
626 845 792 883 Romani
812 859 830 882 e
851 846 1028 883 tentoriis
1054 860 1234 896 proruere
1257 847 1440 884 miraculo

34 914 89 951 rei
109 915 264 951 attoniti
281 930 287 951 2
316 914 456 952 Fabius
477 919 605 951 autem
625 914 733 951 dolos
753 928 833 952 esse
858 920 965 952 ratus
990 915 1153 953 militem
1175 916 1277 953 intra
1297 916 1440 954 vallum

35 983 203 1020 retinuit.
260 983 365 1020 Dum
392 983 484 1021 haec
512 988 699 1034 geruntur
719 984 916 1022 Hannibal
941 998 989 1022 ex
1013 986 1199 1035 angustiis
1228 986 1440 1023 exercitum

35 1051 177 1089 eduxit.
237 1051 407 1089 Narrant
435 1052 648 1102 scriptores,
670 1052 856 1099 Poenum,
885 1058 928 1090 ut
948 1053 1067 1091 Fabio
1096 1054 1198 1104 apud
1218 1067 1305 1091 suos
1324 1054 1440 1092 fidem

33 1120 233 1167 minueret,
255 1133 389 1170 agrum
409 1121 489 1158 eius
508 1121 697 1158 intactum
712 1121 909 1171 reliquisse
931 1135 1017 1159 cum
1037 1127 1249 1161 ceterorum
1269 1124 1439 1161 omnium

33 1202 144 1238 agros
163 1189 368 1238 populatus
388 1195 498 1227 esset.
554 1190 718 1227 Fabium
743 1196 873 1228 autem
899 1195 942 1228 ut
962 1205 1000 1229 se
1021 1191 1234 1241 suspicione
1258 1192 1439 1230 liberaret

34 1271 164 1306 agrum
185 1258 416 1305 vendidisse,
438 1259 595 1308 eiusque
615 1260 739 1308 pretio
761 1260 931 1309 captivos
952 1260 1167 1298 redemisse.

454 1451 659 1487 Hannibal
673 1452 773 1487 takes
797 1452 1010 1487 Tarentum.

86 1550 351 1598 52.——Neque
386 1551 441 1587 ita
477 1550 598 1587 multo
631 1556 719 1599 post
753 1550 950 1588 Hannibal
983 1551 1152 1588 Tarento
1185 1552 1332 1601 potitus
1366 1557 1434 1598 est,

33 1632 118 1656 cum
146 1619 340 1656 nonnullis
369 1633 416 1657 ex
445 1620 696 1669 optimatibus
723 1621 974 1669 persuasisset
996 1625 1041 1657 ut
1066 1621 1201 1658 urbem
1225 1621 1432 1659 traderent.

34 1688 107 1735 Qui
126 1701 193 1737 per
212 1689 373 1737 speciem
395 1688 563 1726 venandi
589 1689 681 1726 urbe
708 1689 848 1738 egressi
874 1689 922 1726 ab
943 1688 1162 1726 Hannibale
1187 1690 1326 1727 moniti
1346 1695 1436 1727 sunt

31 1761 75 1793 ut
103 1769 188 1793 cum
215 1757 386 1794 redirent
412 1770 548 1806 pecora
576 1757 624 1794 ad
652 1757 787 1795 urbem
813 1763 980 1807 agerent,
1002 1757 1166 1807 praedae
1188 1763 1338 1807 partem
1358 1771 1437 1796 cus-

31 1825 185 1863 todibus
204 1831 337 1874 portae
357 1826 503 1864 darent.
562 1825 673 1873 Quod
693 1839 779 1863 cum
798 1827 950 1876 saepius
977 1832 1076 1864 esset
1095 1826 1240 1865 factum
1260 1827 1436 1865 custodes

31 1894 121 1932 dato
142 1895 249 1944 signo
269 1900 419 1944 portam
439 1895 670 1945 aperiebant.
728 1895 926 1934 Hannibal
946 1896 1063 1946 igitur
1082 1896 1129 1934 de
1149 1897 1219 1935 hac
1239 1910 1279 1935 re
1299 1897 1438 1935 certior

30 1963 152 2001 factus
173 1977 258 2001 cum
277 1964 368 2001 satis
387 1964 535 2014 magnis
555 1965 672 2014 copiis
692 1970 894 2003 venatores
914 1970 1064 2003 secutus
1084 1972 1149 2004 est.
1205 1966 1307 2004 Dato
1327 1967 1435 2017 signo

31 2031 207 2069 custodes
226 2037 379 2082 portam
399 2033 583 2081 aperiunt.
642 2033 747 2071 Dum
766 2047 913 2083 aprum,
936 2047 1050 2083 quem
1074 2048 1201 2073 secum
1226 2036 1435 2084 portabant

30 2106 242 2147 venatores,
276 2101 475 2148 mirantur,
509 2102 653 2139 incauti
681 2102 971 2140 obtruncantur.
1028 2103 1128 2140 Tum
1156 2104 1304 2153 impetu
1332 2104 1434 2142 facto

31 2169 151 2206 Poeni
183 2170 223 2206 in
255 2170 390 2207 urbem
422 2183 542 2216 ruere,
572 2171 613 2207 in
640 2171 835 2209 Romanos
867 2172 1021 2209 saevire.
1080 2172 1213 2209 Livius
1242 2172 1436 2211 Salinator

30 2237 290 2274 Romanorum
319 2238 533 2286 praefectus
561 2252 626 2287 spe
655 2239 789 2277 salutis
815 2239 994 2286 deiectus,
1017 2241 1083 2279 ubi
1108 2241 1278 2291 receptui
1298 2242 1434 2279 cecinit

29 2305 69 2342 in
89 2318 213 2343 arcem
232 2318 316 2342 cum
336 2306 464 2355 paucis
484 2319 523 2344 se
542 2307 694 2355 recepit.
