1559 2463
43 91 148 116 PART
169 78 227 130 IL]
427 79 646 116 HISTOR
660 78 696 113 Y
721 78 796 114 OF
821 78 1069 115 GREECE.
1402 82 1447 126 83

44 187 109 237 qui
137 192 197 225 tot
224 191 379 236 tamque
408 186 567 223 scelesta
598 185 769 222 facinora
796 184 1016 222 edidissent.
1077 185 1181 222 Haec
1215 186 1453 223 animadver-

43 259 181 301 tentes,
215 255 281 304 qui
313 268 361 292 ex
392 254 642 303 optimatibus
679 253 917 290 atrocissima
954 253 1101 303 flagitia
1138 255 1449 303 comprobabant,

42 323 192 374 legatos
224 323 321 361 clam
349 322 398 360 ad
427 322 636 372 Spartanos
669 321 857 358 miserunt
889 322 955 370 qui
987 322 1261 371 profiterentur
1287 322 1386 360 velle
1414 336 1453 361 se

44 393 178 430 urbem
206 392 336 441 potius
364 390 526 436 tradere,
554 403 668 439 quam
697 390 844 426 civibus
876 403 1018 439 parere.
1077 390 1188 437 Quod
1217 391 1282 429 ubi
1310 405 1454 441 percre-

46 461 140 507 buit,
188 460 357 509 undique
403 460 443 496 in
490 459 617 496 forum
663 459 924 496 concurritur:
976 459 1248 509 quadringenti
1293 460 1453 510 imperio

47 534 251 575 exuuntur,
272 534 311 566 et
330 528 505 566 nonnulli
525 541 573 565 ex
591 527 638 564 iis
658 527 843 577 supplicio
863 527 1005 565 adfecti
1025 533 1122 565 sunt.

477 662 670 698 Athenian
701 662 871 698 Vlctaries
889 666 933 697 at
950 663 1032 699 Sea.

104 747 437 796 172.—Spartani
474 751 603 784 autem
639 746 799 795 perfidia
837 746 1103 795 Tissaphernis
1139 748 1332 796 patefacta
1369 763 1454 787 cum

50 815 312 861 Pharnabazo,
334 815 365 852 is
394 819 542 864 partem
571 814 912 863 septentrionalem
940 814 1055 852 Asiae
1083 816 1242 854 minoris
1270 831 1338 867 pro
1367 832 1455 869 rego

49 884 354 930 administrabat,
380 883 602 920 societatem
630 883 801 920 inierunt
820 888 863 920 ut
882 883 1079 921 nonnullis
1103 898 1150 921 ex
1175 886 1335 935 oppidis,
1359 901 1455 936 quac

49 954 97 990 ab
126 952 427 989 Atheniensibus
461 952 714 997 desciverant,
744 965 856 1001 opem
888 953 993 1001 prius
1025 953 1180 999 ferrent,
1213 967 1327 1003 quam
1355 957 1455 994 Alci-

50 1021 180 1059 biades
207 1034 292 1058 cum
318 1021 395 1058 suis
422 1021 566 1057 auxilio
587 1021 718 1058 venire
739 1025 877 1070 posset.
935 1021 982 1058 Id
1011 1023 1128 1059 etiam
1157 1023 1229 1060 sibi
1257 1026 1458 1074 proposuit

51 1089 262 1135 Mindarus,
286 1090 351 1139 qui
379 1089 488 1126 classi
518 1089 794 1138 Spartanorum
822 1090 1037 1139 praefectus
1065 1096 1156 1137 erat,
1180 1097 1223 1129 ut
1250 1094 1456 1142 praeclusis

50 1158 220 1208 Bosporo
240 1163 279 1195 et
299 1158 551 1208 Hellesponto
570 1159 776 1208 impediret
796 1159 1000 1208 quominus
1028 1160 1265 1198 frumentum
1292 1164 1455 1201 navibus

51 1228 233 1265 onerariis
249 1240 297 1264 ex
313 1227 464 1277 oppidis
480 1227 527 1264 ad
543 1227 712 1265 Pontum
728 1227 925 1265 Euxinum
941 1229 1024 1266 sitis
1040 1229 1215 1268 Athenas
1231 1231 1437 1270 veheretur
1446 1249 1455 1281 3

51 1296 154 1345 quod
174 1297 204 1333 si
224 1296 368 1334 efficere
388 1296 585 1345 potuisset,
609 1296 705 1332 nihil
729 1296 836 1333 dubii
861 1309 940 1334 esse
961 1298 1054 1346 quin
1078 1298 1335 1338 Athenienses
1356 1301 1454 1340 fame

52 1365 327 1414 subigerentur.
397 1365 473 1402 Sed
514 1365 733 1402 Alcibiades
774 1364 984 1414 Spartanos
1022 1379 1170 1404 summo
1208 1369 1336 1406 studio
1374 1384 1458 1408 con-

51 1439 214 1480 secutus,
236 1435 294 1471 bis
322 1434 400 1471 acie
420 1439 596 1471 conserta
614 1434 816 1471 victoriam
845 1436 1080 1483 reportavit,
1110 1449 1232 1486 neque
1256 1438 1311 1475 ita
1333 1440 1456 1477 multo

52 1508 139 1550 post
162 1502 290 1540 classis
317 1502 593 1552 Spartanorum
622 1503 670 1540 ad
699 1503 881 1552 Cyzicum
904 1504 951 1541 ab
970 1504 1274 1543 Atheniensibus
1303 1508 1458 1546 circum-

54 1584 164 1617 sessa,
204 1572 324 1609 occiso
366 1572 558 1618 Mindaro,
601 1572 753 1621 penitus
795 1572 922 1609 deleta
963 1578 1028 1610 est.
1099 1574 1182 1621 Quo
1225 1575 1457 1614 detrimento

53 1640 213 1689 perculsi
235 1640 414 1689 Spartani
434 1641 579 1691 legatos
600 1640 647 1678 de
667 1654 757 1690 pace
777 1641 953 1678 Athenas
972 1641 1117 1680 frustra
1135 1644 1331 1682 miserunt.

476 1784 514 1817 T
508 1783 550 1817 lle
569 1783 698 1817 Baale
716 1785 754 1827 eff
771 1783 807 1818 Α
812 1784 1036 1829 ι’ἕθςβοίαυῑί.

111 1865 423 1904 173.—Interim
452 1877 519 1902 rex
548 1864 760 1912 Persarum,
783 1879 924 1915 gnarus
944 1880 982 1903 se
1002 1880 1199 1917 nunquam
1227 1870 1341 1908 Ionas
1369 1885 1458 1910 suae

56 1932 214 1969 ditionis
234 1932 355 1969 facere
375 1945 484 1980 posse
505 1932 536 1969 si
557 1932 736 1981 Spartani
756 1934 911 1971 omnino
932 1935 1073 1972 devicti
1094 1943 1230 1983 essent,
1249 1939 1460 1979 Athenien-

55 2000 159 2037 sibus
177 2001 243 2037 ubi
263 2000 438 2037 resistere
459 2001 671 2047 constituit,
692 2001 813 2038 filium
841 2008 936 2039 natu
965 2004 1152 2041 minorem
1172 2004 1316 2054 Cyrum
1342 2009 1457 2055 misit,

57 2068 147 2105 dato
171 2069 325 2118 negotio
345 2074 389 2105 ut
408 2082 493 2105 cum
522 2074 709 2118 quantum
737 2076 866 2119 posset
895 2072 1093 2120 Spartanis
1123 2074 1355 2123 subveniret,
1376 2082 1459 2115 tum

57 2137 360 2174 Atheniensibus
388 2143 552 2175 noceret.
610 2138 649 2175 Is
678 2139 902 2176 societatem
928 2140 1016 2178 iniit
1045 2154 1131 2178 cum
1159 2142 1371 2192 Lysandro,
1394 2148 1459 2196 qui

58 2204 238 2242 Mindaro
253 2217 375 2254 nuper
395 2206 582 2253 successit,
600 2207 840 2256 multumque
856 2209 1005 2258 argenti
1020 2209 1121 2247 dono
1137 2210 1245 2248 dedit
1259 2213 1459 2261 militibus,

3 2304 4 2315 ,
60 2273 144 2322 plus
173 2274 287 2310 etiam
317 2286 355 2310 se
379 2273 559 2311 daturum
586 2275 778 2323 pollicitus
807 2276 837 2313 si
866 2277 1122 2315 Athenienses
1151 2279 1291 2318 devicti
1320 2290 1456 2322 essent.

4 2357 5 2364 ¹
61 2341 123 2379 Ad
143 2342 455 2392 Aegospotamon
483 2343 640 2380 tandem
669 2343 903 2381 debellatum
933 2350 990 2382 est
1004 2361 1014 2392 3
1042 2346 1095 2383 ibi
1120 2347 1221 2384 enim
1252 2349 1460 2399 Lysander,
