1559 2463
82 85 128 120 70
289 74 525 111 SECOND
552 74 624 109 LA
635 74 742 109 TJN
761 73 1037 110 READJNG
1066 74 1235 111 BOOK.
1290 71 1411 123 [PART
1434 84 1474 109 11.

80 181 294 227 videbatur,
317 181 348 218 si
374 185 525 218 montes
553 180 601 217 ad
630 180 829 229 Megaram
857 180 965 217 firmo
993 179 1183 228 praesidio
1210 180 1476 218 obtinuissent.

81 250 127 287 Id
156 250 368 299 Aeginetae
397 254 436 286 et
463 248 754 286 Corinthienses
790 248 950 285 moleste
977 248 1157 296 ferentes,
1186 248 1287 286 bello
1315 248 1481 285 Athenis

82 317 239 364 indicto,
268 318 308 354 in
336 317 621 366 Megarensium
650 317 743 353 fines
771 316 1026 354 incursionem
1053 316 1210 354 faciunt.
1266 316 1483 366 Megarens—

82 388 167 425 ibus
199 387 239 423 in
276 399 316 424 re
354 391 434 423 tam
466 385 668 434 desperata
701 398 813 434 opem
845 385 1109 433 flagitantibus
1144 385 1274 434 copiae
1311 384 1481 422 subsidio

81 456 218 493 missae
246 455 398 492 hostem
434 467 573 503 magno
602 454 835 491 detrimento
864 453 1035 490 fundunt
1062 453 1298 503 fugantque3
1336 453 1481 502 proelio

83 540 233 576 quoque
279 526 406 564 navali
453 526 581 563 clfssis
620 525 917 562 Atheniensium
955 525 1155 562 victoriam
1201 525 1391 575 insignem
1436 525 1483 562 de

84 595 285 645 Aeginetis
305 595 528 643 reportavit.

469 748 507 783 T
501 748 545 782 lze
570 748 608 783 T
605 748 769 793 reachery
788 746 834 793 of
843 747 901 782 tlze
925 746 1102 782 Thebans.

143 847 396 886 145.—M0x
425 847 629 896 optimates
657 846 842 892 Thebani,
872 846 937 895 qui
975 845 1157 882 crescenti
1194 845 1489 883 Atheniensium

87 917 271 966 potestati
300 915 536 962 invidebant,
567 915 681 953 veriti
710 915 823 952 simul
851 928 899 952 ne
929 918 968 952 et
995 914 1068 963 ipsi
1106 914 1241 951 eodem
1269 914 1384 951 modo
1413 927 1487 962 quo

87 986 274 1034 primores
294 985 592 1022 Atheniensium
614 985 773 1033 imperio
789 987 1033 1029 exuerentur,
1054 996 1076 1020 a
1096 983 1294 1032 Spartanis
1313 983 1489 1032 impetra-

89 1058 228 1091 verunt
274 1058 317 1090 ut
361 1054 550 1090 exercitus
597 1052 767 1090 subsidio
811 1052 882 1090 sibi
926 1052 1156 1097 mitteretur,
1204 1052 1274 1089 sub
1325 1052 1489 1101 speciem

89 1123 328 1160 auctoritatis
350 1123 594 1171 optimatium
614 1122 652 1159 in
673 1122 855 1159 Boeotiae
870 1122 1029 1159 urbibus
1042 1121 1331 1159 confirmandae.
1383 1120 1490 1158 Clam

91 1192 207 1229 etiam
227 1191 520 1229 consentiebant
540 1191 641 1228 inter
660 1204 698 1227 se
718 1190 891 1228 Thebani
921 1190 1189 1239 Spartanique,
1210 1194 1254 1226 ut
1280 1189 1491 1227 Athenien—

91 1261 195 1298 sibus
217 1273 265 1298 ex
284 1260 493 1309 improviso
523 1260 725 1309 oppressis,
748 1258 1025 1307 trucidatisque
1045 1258 1110 1307 qui
1129 1258 1233 1307 plebi
1260 1262 1490 1307 praeessent,

91 1343 238 1367 summa
257 1330 408 1378 imperii
437 1342 568 1366 rursus
590 1341 706 1377 penes
727 1328 933 1377 optimates
962 1332 1070 1365 esset.
1128 1326 1211 1374 Qua
1231 1327 1491 1364 coniuratione

91 1398 284 1447 patefacta
322 1398 521 1446 Spartanis
558 1397 607 1434 ad
644 1396 860 1445 Tanagram
898 1396 1078 1433 Boeotiae
1117 1395 1302 1444 oppidum
1339 1395 1492 1432 obviam

91 1468 189 1504 fiunt
227 1467 495 1503 Athenienses.
572 1466 655 1512 Quo
702 1465 847 1514 proelio
886 1464 1060 1513 quamvis
1106 1464 1364 1501 Athenienses
1400 1463 1493 1500 vieti

92 1540 228 1581 essent,
252 1534 431 1583 Spartani
451 1547 528 1571 non
549 1534 743 1571 audebant
770 1533 945 1570 Athenas
973 1544 1203 1582 oppugnare.
1261 1531 1357 1568 Inde
1376 1530 1495 1568 Athe-

92 1604 243 1640 nienses
271 1602 486 1639 incursione
515 1602 554 1638 in
583 1601 783 1638 Boeotiam
811 1601 921 1645 facta,
951 1600 1137 1649 victisque
1166 1599 1370 1645 Thebanis,
1399 1598 1495 1647 opti-

94 1677 215 1709 mates
246 1671 456 1720 expellunt,
487 1683 674 1707 summam
712 1674 941 1719 potestatem
980 1669 1083 1717 plebi
1112 1667 1300 1705 deferunt.
1359 1666 1495 1715 Neque

94 1741 148 1778 ita
166 1740 288 1776 multo
309 1744 394 1788 post
414 1739 623 1787 Aeginetae
644 1738 788 1786 proelio
817 1737 943 1774 navali
973 1736 1124 1781 devicti,
1156 1735 1256 1772 (latis
1285 1734 1495 1780 obsidibus,

95 1809 286 1859 stipendio
306 1809 460 1857 insuper
479 1808 657 1856 imposito
677 1820 808 1855 pacem
828 1807 1091 1855 impetravere.

621 1975 659 2010 T
653 1975 695 2009 he
714 1975 821 2020 Lcmg
848 1973 972 2009 Walls.

152 2067 404 2107 lira—Inde
425 2067 500 2103 (luo
521 2066 621 2103 muri
640 2064 831 2103 aedificari
851 2063 985 2112 coepti,
1008 2063 1073 2111 qui
1092 2066 1258 2111 portum,
1279 2061 1339 2098 cui
1358 2073 1498 2097 nomen

98 2138 233 2174 Piraeo
267 2142 359 2181 erat,
382 2149 467 2173 cum
496 2136 590 2172 urbe
623 2135 906 2183 coniungerent.
976 2132 1049 2169 Cui
1087 2131 1191 2180 operi
1229 2135 1338 2167 tanto
1371 2129 1498 2166 studio

97 2206 352 2243 incubuerunt
372 2205 483 2249 cives,
504 2204 616 2241 veriti
646 2216 693 2240 ne
722 2203 769 2240 ab
797 2203 906 2239 hoste
935 2201 1039 2250 prius
1062 2201 1170 2237 fieret
1198 2199 1364 2247 impetus
1383 2210 1497 2246 quam

97 2275 196 2311 muri
227 2273 417 2311 aedificari
446 2277 612 2322 possent,
643 2276 686 2308 ut
714 2271 892 2320 opinione
921 2269 1079 2306 celerius
1107 2281 1201 2316 opus
1229 2268 1406 2304 effectum
1436 2265 1495 2302 sit.

98 2343 194 2380 Inde
215 2341 517 2379 Atheniensibus
537 2353 702 2377 crescei·‹.¹
733 2339 870 2376 fiducia
888 2337 1016 2387 gnaris
1044 2336 1200 2374 minime
1227 2335 1306 2373 fieri
1328 2347 1436 2384 posse
1456 2337 1499 2370 ut
