1559 2463
94 103 136 124 10
315 91 552 128 SECOND
580 93 765 128 LATJN
790 92 1069 130 READJNG
1099 91 1266 129 BOOK.
1321 88 1440 140 [PART
1461 101 1482 127 1.

447 208 486 243 T
480 208 524 243 lte
542 208 669 254 Early
688 208 800 254 Days
817 207 862 255 ef
874 209 934 244 the
950 208 1135 255 Republic.

139 298 357 338 20.—Iam
390 311 504 348 supra
537 298 883 337 demonstravimus
916 299 1088 337 eonsules
1118 302 1263 336 creatos
1293 300 1373 336 esse
1403 301 1490 346 post

86 371 240 404 exactos
258 380 366 418 reges
382 383 388 404 :
417 367 458 404 hi
477 367 650 416 patribus
674 372 876 417 praeerant
895 372 933 405 et
953 368 1141 405 exercitus
1160 366 1341 405 adversus
1360 366 1489 403 hostes

87 434 285 473 ducebant.
345 435 471 474 Maior
502 435 592 473 inde
625 440 779 486 patrum
815 436 1022 474 auctoritas
1057 435 1191 473 haberi
1224 439 1367 485 coepta,
1403 447 1488 471 cum

86 503 353 553 magistratum
385 517 555 542 annuum
588 504 739 542 obirent
771 505 954 552 consules,
985 505 1059 554 ipsi
1086 517 1177 542 vero
1210 503 1416 554 quotannis
1448 502 1488 539 in

86 572 229 609 curiam
256 572 494 610 deliberandi
523 586 653 610 caussa
671 573 831 611 adirent.
891 574 1027 623 Neque
1046 573 1176 623 plebes
1195 572 1340 610 diutius
1361 572 1489 620 sperni

87 645 248 690 poterat,
271 654 367 690 quae
386 653 454 690 per
473 641 675 688 centurias,
696 655 765 691 pro
784 646 828 679 ut
847 647 1016 680 armatus
1041 645 1123 679 erat
1142 641 1313 690 quisque,
1335 640 1490 677 comitia

86 709 367 758 frequentabat,
384 709 707 758 magistratusque
727 711 889 748 creabat.
936 710 1120 748 Consules
1139 709 1363 758 plerumque
1383 712 1491 757 quot-

87 777 198 814 annis
244 777 493 814 creabantur:
540 777 606 814 sed
643 778 785 815 maiore
823 778 950 827 aliquo
986 777 1154 827 periculo
1191 781 1286 822 orto,
1326 775 1492 813 dictator

87 845 236 883 civitati
280 846 582 895 praeficiebatur,
621 846 686 896 qui
733 860 880 884 summo
917 846 1077 896 imperio
1118 850 1297 883 uteretur.
1357 844 1492 893 Neque

89 917 218 951 autem
246 913 328 951 fieri
355 914 484 963 potuit
512 915 605 963 quin
632 915 738 952 clade
767 915 979 952 afficeretur
997 915 1073 952 iam
1092 927 1250 951 nascens
1279 912 1493 962 respublica

89 985 176 1031 post
195 986 345 1019 tantam
372 995 500 1019 rerum
529 984 878 1021 commutationem.
936 983 1091 1021 Vastari
1110 983 1233 1032 primo
1253 982 1299 1019 ab
1320 981 1494 1018 hostibus

90 1051 352 1088 Romanorum
380 1051 497 1099 fines3
526 1051 615 1089 inde
636 1052 801 1101 opprimi
828 1052 957 1101 plebes
985 1065 1070 1089 aere
1091 1051 1223 1089 alieno.
1282 1048 1495 1087 Intercede-

90 1119 185 1157 bant
204 1119 320 1156 etiam
338 1119 442 1168 plebi
465 1133 551 1157 eum
573 1120 746 1170 patribus
766 1120 992 1166 simultates,
1014 1133 1099 1157 cum
1127 1125 1255 1168 patres
1283 1117 1495 1155 infortunia

90 1188 326 1237 plebeiorum
346 1188 385 1224 in
405 1201 473 1226 sua
492 1189 692 1226 commoda
710 1193 859 1227 vertere
879 1193 1079 1227 constaret.

346 1357 420 1392 The
441 1356 554 1391 Fabii
572 1355 773 1391 undet-take
791 1356 849 1390 she
879 1355 973 1390 W'ar
988 1355 1136 1399 against
1164 1353 1249 1389 Vess.

147 1454 457 1493 21.—Veientes
489 1454 583 1491 fines
612 1454 873 1491 Romanorum
901 1452 1193 1502 polmlabantur.
1250 1450 1349 1487 Tum
1379 1449 1499 1487 Fabia

94 1536 187 1572 gens
212 1527 389 1559 senatum
409 1522 501 1559 adit.
561 1521 704 1559 Consul
733 1534 801 1570 pro
829 1525 943 1570 gente
972 1521 1163 1569 loquitur:
1192 1518 1358 1556 Assiduo
1377 1518 1499 1567 magis

93 1605 209 1641 quam
228 1603 367 1640 magno
387 1590 588 1640 praesidio,
609 1594 653 1627 ut
673 1590 789 1636 scitis,
809 1594 937 1638 patres
960 1588 1174 1637 conscripti,
1196 1587 1339 1624 bellum
1357 1586 1499 1623 Veiens

94 1664 190 1709 eget.
246 1659 328 1697 Vos
365 1658 439 1696 alia
470 1658 571 1696 bella
603 1662 742 1695 curate.
798 1657 938 1695 Fabios
975 1657 1105 1694 hostes
1137 1655 1364 1693 Veientibus
1397 1654 1494 1691 date.

95 1728 251 1765 Gratiae
288 1727 464 1777 ingentes
506 1731 620 1764 actae.
688 1726 832 1764 Consul
869 1739 888 1763 e
927 1725 1030 1763 curia
1070 1737 1252 1774 egressus,
1291 1723 1498 1761 comitante

95 1796 301 1834 Fabiorum
334 1796 497 1846 agmine,
532 1795 598 1844 qui
631 1795 670 1832 in
699 1794 890 1832 vestibulo
924 1794 1060 1840 curiae,
1095 1797 1248 1831 senatus
1281 1791 1497 1829 consultum

96 1868 361 1914 exspectantes
389 1868 586 1910 steterant,
609 1863 768 1900 domum
795 1861 904 1900 redit.
963 1862 1062 1899 Iussi
1090 1861 1228 1899 armati
1256 1864 1408 1909 postero
1437 1859 1498 1895 die

95 1933 144 1971 ad
176 1933 293 1971 limen
326 1932 491 1970 consulis
525 1932 667 1977 adesse,
698 1931 831 1968 domos
863 1931 953 1968 inde
982 1930 1192 1968 discedunt.
1251 1929 1386 1966 Manat
1416 1932 1498 1965 tota

95 2002 188 2040 urbe
207 2014 345 2039 rumor.
404 2000 544 2038 Fabios
564 2000 612 2038 ad
633 2000 780 2037 coelum
807 1999 985 2037 laudibus
1013 2000 1149 2036 ferunt.
1208 1997 1317 2035 Fabii
1345 2001 1498 2046 postero

97 2069 158 2107 die
179 2083 284 2107 arma
303 2069 482 2119 capiunt3
503 2082 577 2118 quo
598 2068 689 2106 iussi
705 2072 814 2105 erant
833 2067 1075 2105 conveniunt.
1134 2065 1277 2105 Consul
1296 2064 1500 2115 paludatus

97 2137 305 2188 egrediens,
336 2137 376 2174 in
404 2137 594 2174 vestibulo
622 2141 777 2186 gentem
810 2149 962 2174 omnem
996 2149 1103 2173 suam
1136 2135 1322 2172 instructo
1350 2133 1500 2183 agmine

98 2207 226 2245 videt:
258 2211 433 2255 acceptus
461 2207 501 2243 in
529 2205 710 2251 medium,
733 2205 841 2255 signa
868 2205 961 2242 ferri
988 2205 1104 2242 iubet.
1162 2203 1369 2252 Nunquam
1399 2208 1502 2239 exer-

98 2276 196 2313 citus
229 2288 352 2325 neque
381 2274 505 2312 minor
533 2287 704 2320 numero,
734 2287 857 2323 neque
886 2273 1022 2311 clarior
1049 2272 1151 2309 fama
1184 2276 1223 2309 et
1250 2269 1502 2308 admiratione

98 2344 298 2381 hominum
319 2357 386 2392 per
405 2344 538 2381 urbem
560 2343 722 2381 incessit.
