1559 2463
101 81 305 132 PART111.]
422 82 792 118 ALEXANDER
826 82 946 118 THE
978 82 1186 119 GREAJJ
1439 94 1498 116 ιο]

99 192 203 230 Iovis
237 192 467 230 Hammonis
495 191 691 230 oraculum
727 192 873 229 statuit.
933 192 1014 228 Iter
1051 191 1242 240 expeditis
1280 204 1432 240 quoque
1469 196 1508 228 et

95 261 225 310 paucis
245 262 313 299 vix
331 261 532 299 tolerabile
553 260 849 311 ingrediendum
869 265 968 297 erat:
998 264 1102 297 terra
1121 260 1300 309 caeloque
1321 272 1507 308 aquarum

94 330 254 379 penuria
273 335 341 376 est,
364 330 512 368 steriles
532 343 669 367 arenae
697 330 833 375 iacent,
856 342 951 378 quas
979 329 1045 365 ubi
1066 341 1185 378 vapor
1211 327 1300 365 solis
1321 327 1504 372 accendit,

94 397 244 435 fervido
291 398 370 436 solo
426 403 611 435 exurente
656 397 830 447 vestigia,
878 396 1132 434 intolerabilis
1187 400 1313 433 aestus
1361 396 1503 433 existit.

95 466 413 516 Luctandumque
442 471 500 503 est
528 479 605 503 non
634 466 758 503 solum
786 479 872 503 cum
901 465 1037 503 ardore
1065 470 1104 503 et
1141 465 1312 502 siccitate
1340 465 1506 514 regionis

94 535 160 572 sed
189 535 306 572 etiam
334 548 420 572 cum
448 534 692 572 tenacissimo
722 534 868 580 sabulo,
900 534 1003 583 quod
1032 533 1247 583 praealtum
1275 538 1313 570 et
1342 533 1504 582 vestigio

95 603 232 641 cedens
278 616 390 653 aegre
427 603 640 640 moliuntur
676 602 802 652 pedes.
862 602 967 640 Haec
1012 602 1197 652 Aegyptii
1234 615 1325 639 Vero
1362 601 1507 638 maiora

95 673 299 709 iactabant.
350 671 426 709 Sed
446 672 580 721 ingens
597 671 735 720 cupido
749 671 920 709 animum
937 671 1161 709 stimulabat
1176 671 1344 709 adeundi
1360 671 1504 716 Iovem,

94 753 208 789 quem
227 740 377 790 generis
405 740 464 777 sui
492 745 698 786 auctorem,
720 740 823 777 haud
844 745 1048 778 contentus
1076 739 1231 777 mortali
1250 739 1415 789 fastigio,
1439 744 1505 776 aut

95 808 275 846 credebat
294 822 374 846 esse
395 813 462 845 aut
482 808 585 846 credi
606 808 771 846 volebat.
832 809 934 855 Quas
954 809 1039 846 viae
1059 808 1304 846 difficultates
1324 821 1402 846 non
1422 808 1504 844 sine

94 890 161 913 suo
193 877 436 926 militumque
465 877 633 926 periculo
663 877 861 922 eluctatus,
885 877 933 914 ad
963 877 1093 914 sedem
1113 876 1175 914 dei
1203 877 1388 925 pervenit.
1450 876 1504 913 Ea

92 945 263 995 undique
291 946 491 983 arboribus
519 946 675 995 tegitur,
697 946 887 995 multique
915 946 1042 983 fontes
1071 946 1181 983 alunt
1214 946 1340 983 silvas.
1397 945 1503 983 Caeli

93 1026 245 1062 quoque
265 1014 361 1051 mira
380 1014 584 1063 temperies
604 1027 723 1051 verno
752 1014 877 1063 tepori
904 1014 1072 1051 maxime
1092 1014 1238 1060 similis,
1261 1026 1392 1051 omnes
1412 1013 1503 1050 anni

94 1086 223 1129 partes
242 1082 326 1131 pari
346 1081 573 1120 salubritate
594 1082 791 1132 percurrit.

258 1189 330 1224 lee
348 1189 539 1224 Fanniam
560 1188 604 1235 (ff
616 1189 674 1224 llze
694 1189 1026 1236 Sltll.——-Respmlsc
1045 1189 1088 1236 (gf
1102 1190 1160 1224 [lle
1185 1189 1325 1226 Oracle.

147 1263 381 1302 208.—Est
428 1269 465 1301 et
512 1263 616 1300 aliud
663 1263 893 1302 Hammonis
926 1277 1086 1302 nemus:
1132 1264 1172 1301 111
1209 1263 1337 1301 medio
1383 1264 1501 1301 habet

92 1331 250 1379 fontem,
268 1345 382 1381 quem
403 1332 492 1369 solis
512 1345 650 1381 aquam
670 1337 831 1370 vocant:
854 1333 924 1370 sub
944 1333 1038 1370 lucis
1059 1337 1186 1371 ortum
1206 1332 1338 1382 tepida
1356 1338 1499 1379 manat,

91 1399 217 1437 medio
239 1400 310 1446 die,
333 1401 438 1437 cuius
467 1400 829 1438 vehementissimus
858 1406 916 1439 est
945 1401 1057 1447 calor,
1079 1401 1219 1451 frigida
1248 1401 1382 1438 eadem
1402 1400 1498 1447 fluit,

90 1468 275 1505 inclinato
307 1468 347 1505 111
375 1482 574 1518 vesperam
602 1469 766 1516 calescit,
797 1470 924 1508 media
953 1475 1063 1507 nocte
1097 1470 1247 1507 fervida
1277 1473 1501 1507 exaestuat:

90 1536 156 1573 ubi
185 1549 262 1573 nox
291 1537 447 1586 propius
475 1537 602 1587 vergit
630 1538 678 1575 ad
706 1538 844 1585 lucem,
875 1538 1042 1575 multum
1075 1552 1123 1575 ex
1155 1542 1344 1575 nocturno
1378 1537 1500 1575 calore

91 1604 284 1651 decrescit,
306 1605 427 1642 donec
448 1606 517 1643 sub
547 1606 673 1655 ipsum
693 1606 770 1644 diei
790 1612 918 1645 ortum
942 1612 1094 1645 assueto
1114 1612 1247 1656 tepore
1266 1607 1496 1656 languescat.

90 1674 147 1711 Ac
183 1679 267 1711 tum
305 1674 461 1724 quidem
498 1688 627 1724 regem
664 1676 821 1725 propius
868 1676 1075 1714 adeuntem
1111 1676 1303 1714 maximus
1348 1681 1443 1713 natu
1481 1690 1500 1714 e

89 1743 349 1780 sacerdotibus
382 1742 504 1780 filium
537 1744 715 1792 appellat,
755 1745 826 1782 hoc
863 1758 1004 1783 nomen
1042 1745 1098 1782 illi
1129 1750 1329 1794 parentem
1367 1745 1499 1782 Iovem

89 1811 250 1849 reddere
287 1812 487 1849 affirmans
547 1811 618 1849 Ille
656 1826 695 1851 se
732 1827 824 1851 vero
863 1819 901 1851 et
930 1814 1099 1864 accipere
1128 1815 1182 1851 ait
1210 1819 1250 1851 et
1283 1827 1499 1864 agnoscere,

88 1880 278 1918 humanae
314 1881 429 1918 sortis
475 1880 626 1920 oblitus.
685 1882 890 1921 Consuluit
935 1884 1088 1930 deinde,
1135 1897 1183 1921 an
1230 1885 1350 1922 totius
1396 1884 1499 1921 orbis

87 1948 291 1998 imperium
336 1950 425 1986 fatis
471 1950 544 1987 sibi
599 1950 812 1989 destinaret
865 1957 983 2001 pater.
1061 1953 1278 2002 Respondit
1323 1952 1498 1990 sacerdos

87 2022 277 2054 terrarum
314 2018 484 2055 omnium
521 2024 709 2057 rectorem
742 2020 832 2058 fore.
904 2021 1010 2058 Iovis
1043 2021 1161 2071 igitur
1193 2021 1315 2058 filium
1347 2035 1386 2059 se
1419 2034 1497 2059 non

87 2085 212 2123 solum
230 2087 414 2136 appellari
433 2100 565 2136 passus
586 2093 654 2135 est,
677 2089 743 2126 sed
764 2089 881 2127 etiam
901 2090 1023 2128 iussit.

546 2202 729 2238 Darl'zts’s
749 2204 1032 2251 Preparatsons.

140 2283 444 2323 209.—P0stea
463 2283 686 2322 Alexander
706 2285 755 2323 ad
782 2286 1008 2335 Euphraten
1037 2286 1248 2333 contendit,
1272 2300 1358 2324 cum
1377 2286 1496 2324 Dario

90 2351 137 2389 de
156 2352 316 2402 imperio
336 2351 597 2391 dimicaturus.
655 2354 694 2391 Is
714 2354 896 2393 barbaras
915 2360 1049 2405 gentes
1078 2355 1248 2406 undique
1269 2361 1497 2394 convocatas
