1559 2463
54 72 157 96 PART
180 60 220 109 1.]
469 32 730 97 HJSTORY
757 62 833 97 OF
852 62 1031 97 ROME.
1412 72 1451 107 17

51 177 89 213 in
111 176 230 213 officio
251 175 559 224 permansissent,
583 175 778 212 civitatem
799 174 1006 224 aliquando
1026 175 1160 212 datum
1183 175 1239 221 iri,
1263 176 1456 213 seditioni-

51 245 120 282 bus
149 257 302 294 prorsus
331 244 574 281 destiterunt.
634 243 718 290 Qua
745 257 784 281 re
806 244 917 281 valde
947 244 1118 281 stabilita
1146 249 1204 281 est
1231 245 1453 294 respublica,

51 314 183 352 multis
203 327 326 363 neque
346 314 391 351 iis
411 314 590 351 invalidis
611 314 833 351 civitatibus
854 314 1115 351 Romanorum
1135 314 1273 351 ditioni
1293 316 1455 364 parenti-

51 383 130 429 bus,
152 396 291 433 magna
319 382 431 419 simul
451 381 584 419 addita
612 382 838 419 clementiae
859 382 1038 431 opinione
1060 395 1134 431 qua
1153 382 1250 419 nihil
1270 383 1454 420 efficacius

49 456 178 501 potest
196 464 277 489 esse
297 451 345 489 ad
364 456 512 488 mentes
532 451 731 488 hominum
751 451 1041 488 confirmandas.

499 602 609 637 [Vars
629 602 720 637 7c¹illz
741 602 798 637 {lle
818 602 1009 637 Samnites.

102 690 313 730 35.—Iam
359 691 523 728 Romani
569 696 745 739 potentes
783 704 862 728 esse
910 697 1127 740 coeperunt,
1175 691 1306 741 procul
1354 692 1455 730 enim

48 760 96 797 ab
125 760 217 797 urbe
246 760 406 809 pugnari
436 764 612 808 coeptum
646 764 713 805 est,
743 773 828 796 cum
856 772 924 808 per
951 764 1011 797 tot
1039 773 1159 797 annos
1187 760 1289 810 apud
1322 762 1456 799 urbem

48 828 206 877 ancipiti
225 828 324 866 bello
354 833 541 865 certatum
561 834 667 866 esset.
728 829 878 866 Indicto
900 828 1053 866 Sabinis
1082 829 1182 867 bello
1212 830 1252 867 L.
1277 830 1456 879 Papirius

49 896 190 934 Cursor
205 897 245 934 in
264 897 433 934 hostium
448 897 542 934 fines
557 897 752 946 profectus
772 902 838 934 est.
890 897 962 943 Qui
984 910 1069 934 611111
1085 898 1249 935 Romam
1265 899 1453 945 rediisset,

49 966 90 1012 Q.
132 966 251 1003 Fabio
288 966 473 1012 Maximo,
507 966 690 1015 magistro
727 966 911 1015 equitum,
944 979 1058 1015 quem
1097 966 1199 1015 apud
1245 967 1456 1005 exercitum

46 1034 213 1083 reliquit,
261 1035 466 1083 praecepit,
504 1048 551 1072 ne
589 1048 628 1071 se
665 1035 823 1072 absente
869 1039 1068 1083 pugnaret.
1145 1035 1183 1071 Is
1220 1036 1455 1073 occasionem

48 1102 225 1139 idoneam
245 1108 378 1140 nactus
407 1103 536 1140 hostes
570 1104 669 1140 vicit.
734 1103 793 1140 Ob
827 1116 941 1152 quam
961 1116 1082 1140 rema
1115 1103 1301 1141 dictatore
1322 1106 1457 1154 capitis

47 1171 262 1219 damnatus,
286 1172 388 1221 quod
408 1185 446 1209 se
466 1177 622 1209 vetante
643 1171 871 1217 dimicasset,
892 1171 1042 1221 ingenti
1062 1171 1193 1210 favore
1222 1173 1389 1210 militum
1418 1180 1457 1211 et

47 1239 178 1288 populi
215 1240 397 1277 liberatus
435 1245 501 1277 est.
578 1240 719 1277 Postea
755 1240 947 1277 Samnites
984 1240 1179 1278 Romanos
1217 1241 1379 1279 Veturio
1417 1247 1456 1279 et

47 1308 246 1346 Postumio
267 1309 483 1346 consulibus
504 1309 605 1358 apud
634 1309 817 1346 Furculas
848 1308 1040 1346 Caudinas
1070 1309 1256 1359 angustiis
1285 1310 1454 1348 locorum

47 1377 244 1415 conclusos
281 1377 430 1427 ingenti
468 1377 652 1415 dedecore
690 1378 866 1415 vicerunt
903 1383 942 1415 et
979 1378 1049 1415 sub
1084 1378 1217 1428 iugum
1254 1379 1451 1417 miserunt.

48 1444 182 1494 Neque
215 1445 247 1482 is
280 1445 370 1483 belli
396 1446 482 1482 finis
514 1446 599 1483 fuit.
657 1445 735 1482 Diu
763 1459 849 1483 cum
888 1445 1048 1494 ancipiti
1080 1446 1208 1484 Marte
1241 1453 1454 1497 pugnatum

48 1520 156 1560 esset,
179 1514 352 1551 consules
371 1514 536 1552 Romani
565 1528 650 1551 cum
678 1515 827 1564 magnis
847 1515 964 1564 copiis
993 1515 1155 1564 profecti
1184 1516 1377 1554 Samnites
1406 1517 1453 1555 ad

48 1582 251 1620 Sentinum
271 1583 502 1629 devicerunt,
526 1583 700 1632 quamvis
720 1583 765 1620 iis
785 1583 936 1620 Etrusci
965 1583 1143 1633 Gallique
1163 1585 1452 1624 auxiliarentur.

48 1651 95 1688 In
132 1651 252 1689 victos
289 1652 468 1689 atrociter
513 1652 701 1689 saevitum
738 1658 819 1689 est:
867 1652 981 1690 Caius
1018 1653 1135 1690 etiam
1172 1653 1335 1692 Pontius
1373 1655 1453 1692 dux

51 1720 280 1757 Samnitium
298 1720 454 1758 biennio
474 1725 561 1769 post
581 1726 714 1770 captus
734 1733 820 1757 cum
840 1721 1008 1758 cruciatu
1029 1726 1186 1759 necatus
1206 1727 1274 1760 est,

553 1896 648 1932 War
665 1896 756 1931 with
777 1896 960 1942 Pyrrhus.

101 1987 326 2026 36.—-Inde
342 1986 561 2024 Tarentinis
574 1986 718 2024 bellum
731 1987 918 2023 indictum
934 1991 992 2024 est
1008 1987 1097 2036 quia
1113 1987 1251 2037 legatis
1266 1988 1452 2027 Romanis

48 2055 227 2093 iniuriam
246 2056 469 2093 intulerunt.
516 2055 569 2092 Hi
590 2055 794 2105 Pyrrhum,
815 2056 923 2104 Epiri
942 2069 1081 2105 regem,
1104 2061 1238 2094 contra
1257 2057 1451 2096 Romanos

49 2124 233 2160 auxilium
252 2129 517 2173 poposcerunt.
575 2124 613 2161 Is
633 2137 725 2161 mox
743 2124 783 2160 in
803 2123 957 2161 Italiam
975 2125 1093 2170 venit,
1108 2129 1268 2173 tumque
1284 2126 1451 2174 primum

48 2191 212 2229 Romani
232 2205 317 2229 cum
336 2192 590 2229 transmarino
610 2192 720 2229 hoste
736 2192 1024 2230 dimicaverunt.
1084 2193 1226 2230 Missus
1246 2198 1304 2230 est
1320 2199 1453 2234 contra

48 2272 135 2297 eum
155 2260 285 2297 consul
314 2260 356 2298 P.
379 2261 555 2298 Valerius
583 2260 784 2305 Laevinus,
811 2260 876 2309 qui
905 2273 990 2297 cum
1019 2261 1283 2309 exploratores
1312 2262 1452 2311 Pyrrhi

49 2328 223 2377 cepisset,
257 2328 369 2365 iussit
397 2341 459 2365 eos
488 2341 555 2377 per
584 2333 706 2365 castra
733 2327 835 2373 duci,
864 2327 1016 2365 ostendi
1045 2341 1196 2365 omnem
1230 2330 1451 2377 exercitum,

737 2406 761 2432 B
