1559 2463
123 81 171 126 36
349 82 586 119 SECOND
614 82 802 118 LATJN
823 82 1102 120 READJNG
1130 83 1299 120 BOOK.
1354 81 1474 133 [PART
1494 94 1517 120 ῐ.

121 191 342 229 continendi
374 197 510 239 essent,
546 193 585 230 id
619 193 764 230 civibus
797 193 1110 231 exitiosissimum
1140 194 1221 231 fore
1253 194 1457 232 videbatur
1489 195 1521 231 si

120 259 224 296 domi
261 273 411 309 quoque
447 260 591 298 inimici
627 261 760 298 eadem
797 274 872 310 qua
908 262 1073 299 Romani
1110 262 1228 312 stirpe
1265 262 1416 300 oriundi
1452 262 1521 300 rei-

119 328 293 376 publicae
312 328 537 367 inviderent.

592 456 667 491 The
687 456 793 491 Fz'rst
816 456 918 491 Cz'vil
945 456 1047 492 War.

170 546 396 585 76.—Cum
416 546 677 591 Mithradatis,
699 547 797 596 regis
825 546 952 592 Ponti,
974 546 1093 583 nimia
1112 546 1308 584 videretur
1335 551 1515 596 potestas,

117 614 259 652 bellum
280 615 314 652 ei
333 614 521 652 indictum
541 619 608 660 est,
630 614 748 652 Lucio
768 614 946 652 Cornelio
967 614 1106 661 Sullae,
1127 615 1195 652 uni
1215 628 1262 652 ex
1288 615 1514 661 consulibus,

116 682 270 732 negotio
308 682 410 720 dato.
468 682 544 720 Sed
582 696 668 720 cum
703 682 741 721 C.
778 682 926 720 Marius
959 683 993 720 ei
1026 683 1127 720 hunc
1156 683 1342 721 honorem
1374 683 1517 732 eripere

115 755 274 788 conatus
294 755 402 796 esset,
425 750 530 788 Sulla
550 751 615 800 qui
636 750 760 788 adhuc
780 764 865 788 cum
883 751 1096 801 legionibus
1116 751 1193 789 suis
1220 752 1261 789 in
1289 751 1402 789 Italia
1421 765 1517 789 com-

114 819 346 866 morabatur,
369 832 455 856 cum
474 820 646 857 exercitu
676 820 839 857 Romam
869 821 987 867 venit,
1008 821 1250 858 inimicorum
1281 820 1373 858 alios
1404 820 1517 858 truci-

114 885 234 933 davit,
255 886 349 924 alios
372 892 486 936 atque
514 887 640 936 ipsum
660 887 828 925 Marium
848 888 887 925 in
907 888 1067 926 exilium
1095 889 1198 926 abire
1227 889 1358 938 coegit.
1416 888 1516 925 Tum

112 954 226 991 rebus
264 954 409 992 Romae
447 956 666 1005 compositis
699 956 739 993 in
776 956 911 994 Asiam
948 970 1063 1007 quam
1099 957 1293 994 celerrime
1330 957 1516 1006 proficisci

112 1023 321 1061 constituit.
379 1024 539 1062 Interim
567 1025 825 1063 Mithradates
855 1039 939 1063 cum
970 1026 1089 1063 Italos
1122 1026 1187 1075 qui
1218 1026 1258 1063 in
1287 1026 1380 1062 Asia
1407 1029 1516 1063 erant

112 1092 397 1129 interficiendos
427 1093 646 1139 curavisset,
668 1093 794 1142 copias
822 1093 965 1131 auxilio
1000 1094 1155 1131 Graecis
1185 1094 1251 1143 qui
1281 1107 1303 1130 a
1331 1093 1514 1130 Romanis

113 1160 345 1207 defecerant,
379 1161 492 1199 misit.
552 1161 659 1199 Sulla
692 1166 833 1208 tamen,
863 1161 1018 1199 Graecis
1047 1162 1086 1199 in
1115 1161 1352 1199 deditionem
1383 1161 1513 1199 venire

113 1230 264 1276 coactis,
296 1229 471 1278 pluribus
496 1230 650 1279 procliis
678 1230 824 1267 victum
852 1230 1132 1267 Mithradatem
1160 1229 1284 1279 coegit
1311 1234 1355 1266 ut
1382 1242 1513 1279 pacem

111 1311 132 1334 a
151 1297 337 1335 Romanis
365 1302 524 1347 peteret,
547 1304 586 1336 et
614 1298 832 1347 provinciis,
864 1311 958 1347 quas
986 1298 1191 1344 invaserat,
1221 1297 1376 1344 relictis,
1405 1297 1513 1347 regni

109 1364 166 1402 sui
186 1365 326 1402 finibus
346 1370 549 1403 contentus
568 1370 676 1403 esset.

630 1508 704 1544 Ma
709 1509 789 1544 rius
808 1508 848 1544 in
867 1509 908 1543 E
909 1508 992 1543 xile.

159 1599 326 1637 77.—C.
364 1599 522 1645 Marius,
556 1604 599 1636 ut
632 1613 746 1648 supra
774 1598 1131 1646 demonstravimus,
1162 1598 1378 1635 exsulatum
1405 1598 1510 1636 abire

107 1672 259 1704 coactus
279 1667 345 1704 vix
366 1680 414 1704 ex
434 1667 548 1704 Italia
567 1667 749 1705 excedere
769 1667 905 1716 potuit.
964 1666 1062 1704 Cum
1091 1666 1192 1703 enim
1219 1665 1260 1702 in
1279 1666 1450 1704 Africam
1470 1679 1508 1703 se

107 1735 273 1784 recipere
299 1740 512 1782 conaretur,
533 1736 581 1773 ad
601 1736 834 1781 Minturnas,
856 1748 877 1772 a
897 1735 1024 1771 nautis
1044 1734 1250 1783 expositus,
1273 1734 1509 1783 aliquamdiu

107 1804 147 1840 in
166 1804 318 1853 palude,
341 1810 472 1842 mento
492 1810 605 1842 tenus
625 1805 665 1841 in
695 1817 809 1842 caeno
830 1803 975 1849 sedens,
997 1803 1161 1841 delituit.
1218 1803 1508 1852 Deprehensum

105 1877 234 1910 tamen
253 1873 382 1911 hostes
401 1873 441 1910 in
461 1873 673 1911 custodiam
693 1873 758 1910 ubi
777 1873 1030 1918 coniecerunt,
1051 1885 1201 1909 servum
1227 1872 1414 1909 miserunt
1442 1871 1507 1920 qui

105 1953 192 1977 eum
212 1941 411 1978 occideret.
460 1941 560 1978 Eum
576 1954 662 1978 cum
677 1940 725 1978 ad
742 1954 779 1978 se
795 1940 922 1990 gladio
939 1939 1071 1977 stricto
1090 1938 1333 1977 accedentem
1347 1939 1507 1977 vidisset

104 2009 261 2055 Marius,
297 2009 418 2055 Tune,
452 2010 588 2059 inquit,
624 2009 792 2046 Marium
825 2008 1015 2046 trucidare
1044 2008 1202 2045 audebis
1219 2010 1231 2044 2
1300 2007 1383 2054 Qua
1414 2021 1505 2045 voce

104 2077 311 2114 exterritus
344 2091 476 2115 servus
513 2078 660 2115 abiecto
693 2077 821 2127 gladio
854 2077 894 2113 in
926 2076 1057 2126 fugam
1086 2089 1124 2113 se
1152 2076 1304 2125 recepit,
1336 2076 1505 2113 Marium

104 2158 123 2182 e
143 2158 289 2183 carcere
308 2145 597 2183 Minturnenses
626 2146 794 2183 emisere.
852 2145 890 2182 Is
919 2144 1058 2181 deinde
1077 2144 1118 2181 in
1145 2143 1319 2181 Africam
1340 2144 1503 2190 traiecit,

103 2218 141 2250 et
161 2213 208 2251 ad
225 2213 468 2264 Carthaginis
497 2214 626 2251 ruinas
655 2227 692 2252 se
721 2213 875 2262 recepit.
931 2213 1027 2250 Inde
1046 2225 1069 2250 a
1086 2212 1373 2262 magistratibus
1401 2212 1504 2249 abire

102 2281 236 2328 iussus,
253 2282 327 2319 nisi
342 2282 460 2320 vellet
479 2283 519 2319 in
539 2295 578 2319 se
594 2281 860 2327 animadverti,
877 2281 1005 2326 Abite,
1027 2280 1163 2329 inquit,
1181 2279 1316 2317 Caium
1335 2279 1503 2317 Marium

100 2349 141 2386 in
161 2349 406 2400 Carthaginis
426 2351 546 2388 ruinis
566 2350 764 2388 sedentem
783 2348 946 2387 vidistis.
