1559 2463
99 89 147 122 40
326 78 561 115 SECOND
589 78 660 114 LA
672 78 779 113 TIN
797 78 1078 114 READJNG
1106 77 1275 115 BOOK
1329 75 1450 127 [PART
1470 89 1494 114 1.

97 201 196 225 unus
228 189 399 226 omnium
431 188 540 226 bellis
574 188 689 225 finem
717 188 911 237 imponere
940 200 1048 237 posse
1077 187 1288 225 videbatur.
1359 188 1497 236 Itaque

96 256 245 306 magnis
273 256 390 306 copiis
418 256 646 305 praefectus,
668 268 815 293 summo
835 260 988 305 patrum
1016 256 1328 305 plebeiorumque
1356 255 1497 301 studio,

95 325 241 374 piratas
260 325 384 362 adhuc
401 325 565 363 invictos
585 325 784 374 oppressit,
805 338 967 374 quorum
986 325 1103 362 classe
1122 324 1249 362 deleta
1267 337 1344 362 non
1363 324 1498 361 insulis

95 394 210 431 modo
243 407 318 443 quo
348 407 387 432 se
419 394 585 444 recipere
615 393 800 440 solebant,
829 394 976 443 potitus
1009 399 1076 442 est,
1111 394 1178 431 sed
1208 398 1247 431 et
1276 394 1430 431 castella
1457 394 1497 431 in

97 463 317 501 continente
337 463 376 500 vi
395 467 616 513 expugnata
634 463 722 513 igne
737 463 1002 501 concremavit.

616 621 727 657 lVars
746 621 785 656 in
805 619 863 656 tlze
882 620 992 656 East.

149 711 377 752 85.—Mox
413 713 448 750 ei
485 712 656 750 delatum
697 717 755 750 est
790 712 933 749 bellum
974 716 1107 749 contra
1143 711 1423 750 Mithradatem
1461 717 1499 750 et

96 781 310 831 Tigranem.
369 780 452 828 Quo
481 785 656 829 suscepto
685 780 963 817 Mithradatem
991 780 1135 828 proelio
1161 784 1335 817 conserto
1355 780 1498 818 victum

97 850 231 887 castris
260 849 376 887 exuit.
434 849 473 886 Is
493 861 577 886 cum
597 849 637 885 in
656 849 788 898 fugam
808 861 846 886 se
865 848 1070 897 recepisset
1089 848 1361 886 comitantibus
1380 862 1499 886 uxore

97 919 303 968 paucisque
336 931 384 955 ex
417 918 624 955 amicorum
661 930 832 963 numero,
866 917 970 955 haud
1006 917 1061 954 ita
1092 917 1215 954 multo
1248 921 1346 966 post,
1379 930 1427 954 116
1459 917 1499 954 111

97 992 328 1037 potestatem
356 987 618 1024 Romanorum
646 986 806 1032 veniret,
833 998 981 1023 veneno
1010 999 1049 1022 se
1078 985 1283 1022 interemit.
1341 985 1499 1035 Tigrani

96 1055 235 1094 deinde
255 1055 460 1104 Pompeius
488 1054 630 1092 bellum
658 1054 800 1091 intulit.
857 1054 956 1091 Eum
974 1054 1081 1091 brevi
1100 1054 1244 1091 victum
1264 1058 1372 1103 parte
1392 1054 1499 1103 regni

96 1125 277 1162 multavit
313 1128 352 1162 et
387 1124 525 1174 grandi
560 1124 731 1173 pecunia.
790 1122 887 1160 Inde
925 1123 965 1159 in
1002 1122 1186 1159 Iudaeam
1227 1126 1496 1172 transgressus,

97 1193 367 1243 Hierosolyma
386 1197 499 1242 caput
527 1193 652 1242 gentis
672 1191 921 1242 expugnavit,
943 1191 1146 1229 duodecim
1172 1191 1325 1228 milibus
1344 1191 1500 1228 Iudaeo-

96 1275 181 1299 rum
209 1261 354 1307 occisis,
385 1261 519 1298 ceteris
552 1261 592 1297 in
624 1259 740 1298 fidem
769 1259 942 1309 receptis.
998 1259 1098 1296 Tum
1130 1259 1295 1296 Romam
1328 1272 1500 1296 reversus

96 1330 336 1379 triumphum
377 1329 679 1378 insignissimum
725 1328 813 1377 egit.
884 1328 988 1365 Ante
1031 1327 1305 1376 triumphantis
1346 1340 1498 1364 currum

97 1399 202 1436 ducti
234 1402 324 1435 sunt
352 1398 420 1434 filii
448 1396 710 1443 Mithradatis,
740 1396 840 1434 filius
869 1396 1054 1446 Tigranis,
1085 1400 1125 1433 et
1152 1395 1398 1433 Aristobulus
1430 1408 1499 1432 rex

96 1467 337 1504 Iudaeorum.

452 1566 527 1602 The
550 1565 663 1613 Chias
677 1565 880 1602 Statesmen
899 1565 944 1611 of
956 1564 1014 1600 tlte
1039 1564 1148 1600 Time.

148 1658 382 1698 86.-Dum
410 1658 502 1695 haec
529 1662 715 1707 geruntur
743 1656 950 1694 auctoritas
978 1659 1133 1692 senatus
1161 1654 1318 1692 minoris
1347 1655 1387 1691 in
1416 1655 1497 1693 dies

95 1727 227 1765 haberi
255 1731 390 1776 coepta
419 1731 498 1764 est:
528 1730 639 1763 erant
666 1725 769 1762 enim
796 1725 836 1762 in
864 1724 957 1761 urbe
982 1723 1095 1760 multi
1124 1723 1298 1760 homines
1326 1735 1449 1771 neque
1469 1723 1496 1760 ii

94 1795 255 1833 invalidi
275 1795 341 1844 qui
361 1794 609 1844 optimatibus
628 1793 940 1830 adversabantur.
994 1791 1058 1828 Ad
1077 1804 1172 1840 quos
1191 1791 1497 1840 comprimendos

95 1877 180 1901 cum
212 1876 311 1900 unus
344 1862 550 1911 Pompeius
578 1861 734 1907 valeret,
770 1861 835 1909 qui
868 1873 887 1897 e
915 1860 1166 1897 familiaribus
1199 1858 1325 1896 Sullae
1358 1859 1495 1905 fuerat,

95 1933 260 1970 eundem
292 1932 525 1970 verebantur
561 1931 767 1979 optimates
804 1934 843 1966 et
879 1942 1013 1978 parum
1051 1928 1141 1965 fidei
1178 1929 1211 1965 61
1249 1928 1490 1966 adhibebant.

95 2002 302 2050 Praecipue
335 2001 438 2038 inter
471 2000 676 2049 optimates
708 1998 901 2036 eminebat
929 1998 982 2035 M.
1013 1997 1138 2035 Porcii
1171 1997 1327 2034 Catonis
1360 1997 1492 2043 virtus,

94 2071 159 2120 qui
179 2070 356 2107 laudator
375 2069 451 2106 acti
473 2068 656 2117 temporis
684 2067 846 2117 pristina
871 2067 1132 2104 Romanorum
1159 2065 1350 2114 probitate
1370 2064 1494 2102 adhuc

93 2140 282 2177 utebatur.
342 2138 486 2187 Magna
512 2137 627 2174 etiam
655 2140 846 2186 potestate
867 2140 948 2173 erat
967 2135 1018 2171 M.
1043 2134 1211 2171 Licinius
1239 2133 1407 2179 Crassus,
1429 2134 1494 2182 qui

93 2207 241 2257 magnis
275 2207 409 2255 opibus
442 2205 648 2255 praeditus,
683 2203 879 2254 largiendo
912 2202 1222 2251 blandiendoque
1256 2214 1387 2239 omnes
1421 2201 1492 2238 sibi

92 2276 291 2314 conciliare
330 2275 548 2312 conabatur.
606 2274 747 2311 Orator
784 2273 823 2309 id
860 2271 1042 2320 temporis
1079 2270 1374 2308 facundissimus
1411 2274 1492 2306 erat

93 2345 146 2382 M.
174 2344 323 2381 Tullius
352 2344 496 2388 Cicero,
521 2343 580 2380 vir
604 2340 880 2379 moderationis
908 2344 1088 2388 expertae
1116 2338 1219 2376 idem
1248 2338 1491 2387 incorruptis-
