1559 2463
101 95 171 127 114
307 82 541 119 SECOND
567 82 755 118 LATJN
779 83 1057 120 READJNG
1086 84 1258 121 BOOK.
1300 82 1420 133 [PART
1441 95 1496 120 111.

299 195 360 231 We
378 207 443 230 are
461 195 686 242 Dangerous
704 195 879 230 Enemies
898 195 963 230 but
988 195 1120 242 Usefnl
1136 196 1305 232 Friends.

148 277 443 318 233.-Transi
473 278 587 315 modo
615 277 801 315 Tanaim:
841 278 934 315 scies
964 291 1078 327 quam
1110 278 1187 315 late
1216 283 1374 328 pateant
1406 280 1500 316 fines

94 347 226 393 nostri,
248 360 444 396 nunquam
473 351 603 384 tamen
632 347 872 396 consequeris
901 346 1072 395 Scythas.
1131 347 1342 397 Paupertas
1370 353 1501 386 nostra

94 415 259 453 velocior
274 416 346 452 erit
365 428 479 464 quam
498 415 686 452 exercitus
702 419 789 452 tuus
809 415 873 464 qui
890 415 1070 464 praedam
1089 419 1148 452 tot
1166 416 1366 454 nationum
1381 416 1499 454 vehit.

95 485 251 530 Rursus
287 497 372 521 cum
401 484 531 533 procul
564 484 693 521 abesse
728 497 796 521 nos
828 484 967 530 credes,
998 484 1147 522 videbis
1175 485 1215 522 in
1248 486 1325 522 tuis
1354 486 1499 531 castris,

95 554 229 592 eadem
244 554 346 591 enim
360 553 562 591 velocitate
578 558 617 590 et
632 554 826 602 sequimur
840 557 879 590 et
891 553 1067 602 fugimus.
1126 553 1292 592 Proinde
1308 554 1501 592 fortunam

95 628 202 660 tuam
229 623 367 672 pressis
387 622 563 659 manibus
592 627 703 668 tene3
733 622 877 659 lubrica
896 627 954 659 est
981 635 1050 659 nec
1069 623 1193 660 invita
1211 623 1334 660 teneri
1361 627 1499 672 potest.

95 691 255 729 Salubre
276 691 475 728 consilium
495 703 655 740 sequens
672 704 785 740 quam
805 704 981 740 praesens
1002 695 1152 740 tempus
1167 691 1336 728 ostendit
1354 691 1497 728 melius.

95 759 285 809 Denique,
318 759 349 796 si
382 758 475 795 deus
505 772 554 805 es,
587 759 755 796 tribuere
786 759 1012 797 mortalibus
1049 759 1233 796 beneficia
1264 759 1391 806 debes,
1425 773 1501 797 non

96 829 262 877 eripere:
293 829 351 865 sin
371 833 500 865 autem
528 828 642 865 homo
672 841 722 873 es,
743 828 783 865 id
812 828 915 877 quod
945 842 995 873 es,
1017 842 1165 877 semper
1193 842 1273 866 esse
1302 833 1340 866 te
1368 829 1502 878 cogita.

97 896 243 943 Quibus
273 896 416 934 bellum
448 910 525 934 non
563 897 749 943 intuleris,
783 897 893 934 bonis
931 897 1060 934 amicis
1097 898 1239 946 poteris
1276 898 1341 935 uti.
1401 897 1504 944 Quos

95 966 241 1011 viceris,
265 966 404 1003 amicos
425 967 495 1003 tibi
526 979 606 1003 esse
627 979 715 1003 cave
736 966 891 1004 credas:
928 967 1029 1003 inter
1058 966 1255 1003 dominum
1286 971 1324 1003 et
1352 979 1503 1003 servum

96 1035 203 1072 nulla
240 1035 408 1072 amicitia
446 1040 515 1072 est.
586 1035 728 1072 Utrum
767 1036 927 1085 imperio
965 1040 1031 1073 tuo
1069 1036 1252 1072 finitimos
1289 1035 1418 1072 hostes
1455 1049 1504 1072 an

97 1105 237 1142 amicos
255 1104 350 1141 velis
369 1117 449 1141 esse
469 1104 678 1141 considera.

250 1225 426 1272 Crossz'ng
441 1225 484 1272 (ff
497 1226 555 1261 tlce
563 1226 751 1274 saxartes
770 1225 851 1261 aud
865 1225 1004 1272 Defeczt
1020 1225 1065 1272 of
1076 1226 1134 1261 tlte
1154 1225 1356 1271 Scythiam.

151 1308 461 1349 234.-Contra
488 1321 556 1345 rex
585 1307 739 1345 fortuna
763 1321 831 1345 sua
856 1313 894 1345 et
923 1308 1089 1345 consiliis
1118 1321 1249 1345 corum
1278 1321 1316 1345 se
1346 1321 1503 1345 usurum

99 1392 180 1415 esse
217 1377 445 1426 respondet:
491 1390 580 1413 nam
618 1381 656 1414 et
692 1376 897 1423 fortunam,
933 1377 990 1414 cui
1025 1377 1201 1423 confidat,
1237 1381 1275 1414 et
1307 1377 1504 1415 consilium

101 1447 343 1485 suadentium
363 1445 506 1495 nequid
534 1450 676 1482 temere
696 1451 735 1483 et
763 1445 944 1483 audacter
972 1446 1098 1492 faciat,
1121 1450 1347 1484 secuturum.
1405 1445 1504 1483 Tum

101 1517 246 1556 ratibus
277 1515 325 1553 ad
361 1515 402 1552 id
439 1515 684 1564 praeparatis,
724 1515 865 1552 frustra
901 1515 1103 1552 resistente
1140 1515 1261 1561 hoste,
1295 1515 1505 1552 exercitum

101 1585 278 1623 traducit.
335 1584 420 1621 Rex
448 1584 549 1621 inter
577 1584 719 1633 primos
746 1585 786 1621 in
806 1584 1026 1622 ulteriorem
1053 1584 1176 1633 ripam
1204 1584 1384 1632 escendit,
1414 1583 1504 1621 dato

101 1654 256 1704 negotio
290 1653 459 1699 ducibus,
494 1657 538 1690 ut
567 1652 733 1702 reliquos
767 1666 882 1702 quam
914 1653 1080 1702 primum
1113 1653 1281 1690 subsidio
1315 1653 1386 1690 sibi
1423 1653 1506 1690 sub-

100 1724 308 1761 mitterent.
368 1722 466 1760 Cum
503 1721 738 1771 aliquamdiu
776 1723 945 1760 cominus
982 1727 1195 1772 pugnatum
1231 1726 1340 1767 esset,
1378 1722 1506 1758 hostes

101 1793 233 1841 fugam
270 1795 478 1840 capessunt.
564 1790 681 1828 Cuius
718 1790 898 1828 victoriae
942 1791 1046 1829 fama
1091 1804 1176 1828 cum
1220 1790 1505 1840 percrebuisset,

104 1861 220 1898 Sacae
240 1860 388 1910 legatos
406 1859 544 1897 misere
564 1860 629 1908 qui
645 1860 917 1909 pollicerentur
935 1865 1090 1910 gentem
1102 1860 1289 1909 imperata
1307 1859 1502 1897 facturam.

104 1929 281 1966 Moverat
300 1941 363 1965 eos
382 1928 482 1977 regis
501 1940 578 1965 non
598 1927 720 1965 virtus
739 1928 860 1978 magis
888 1941 1001 1977 quam
1022 1928 1224 1965 clementia
1243 1927 1282 1964 in
1310 1927 1481 1964 devictos
1497 1941 1507 1973 3

104 1997 274 2046 captivos
302 1997 405 2034 enim
423 2009 553 2033 omnes
582 1996 661 2033 sine
681 1997 803 2045 pretio
832 1996 1039 2043 remiserat,
1062 2001 1106 2033 ut
1125 1996 1240 2033 fidem
1267 1996 1408 2033 faceret
1435 1994 1506 2032 sibi

104 2078 190 2102 cum
218 2063 461 2101 ferocissimis
490 2063 664 2113 gentium
690 2062 737 2100 de
766 2063 993 2100 fortitudine
1013 2076 1090 2101 non
1119 2063 1165 2100 de
1184 2063 1240 2101 ira
1258 2063 1374 2100 fuisse
1394 2067 1508 2100 certa-

107 2146 204 2170 men.

625 2193 791 2229 Mnrder
805 2193 849 2240 af
866 2194 899 2230 C
897 2193 996 2229 litus.

158 2276 558 2326 235.-—Massagetis‚
579 2276 711 2322 Dahis,
734 2276 935 2325 Sogdianis
955 2276 1130 2322 subactis,
1150 2275 1314 2324 Scythae
1334 2274 1391 2312 sui
1410 2273 1508 2323 regis

107 2345 223 2383 filiam
242 2344 464 2382 Alexandro
484 2345 683 2394 coniugem
703 2345 877 2382 offerunt.
935 2344 986 2381 Et
1005 2357 1090 2381 cum
1109 2344 1278 2381 barbaris
1297 2343 1508 2381 venabatur
