1559 2463
100 81 144 116 16
324 78 559 115 SECOND
586 79 776 114 LATJN
795 79 1072 116 READJNG
1100 78 1269 115 BOOK.
1327 76 1445 127 [PART
1466 89 1487 114 1.

94 191 138 223 ut
169 186 445 235 disceptaretur
481 190 611 222 utrum
641 185 836 222 Romanus
867 184 1005 222 Latino
1038 199 1086 222 an
1124 185 1285 223 Latinus
1318 185 1492 223 Romano

94 253 342 303 imperitaret.
391 253 469 290 Diu
489 252 646 302 ancipiti
667 252 793 290 Marte
809 257 997 290 certatum
1013 258 1080 291 est.
1136 252 1306 290 Narrant
1321 257 1493 290 auctores

96 335 181 360 cum
199 322 352 371 utrique
372 321 517 359 consuli
547 322 695 359 somnio
723 322 951 367 obvenisset,
982 334 1069 359 eum
1096 321 1281 371 populum
1308 321 1493 359 victorem

95 391 176 428 fore
192 391 297 428 cuius
313 390 394 427 dux
409 391 449 427 in
464 390 608 440 proelio
625 390 833 435 cecidisset,
852 390 1073 427 convenisse
1088 390 1190 427 inter
1204 402 1268 427 eos
1283 394 1327 426 ut
1343 390 1373 427 is
1389 390 1493 426 cuius

95 472 212 497 cornu
232 460 271 496 in
291 460 369 497 acie
389 459 593 505 laboraret,
615 458 699 496 Diis
729 472 766 496 se
795 458 976 496 Manibus
1004 458 1220 495 devoveret.
1278 457 1493 496 Inclinante

95 540 162 565 sua
190 533 297 577 parte
326 527 500 572 Decium,
531 539 617 564 cum
646 539 684 564 se
713 531 753 564 et
781 526 911 564 hostes
939 526 1024 563 Diis
1052 526 1234 563 Manibus
1262 526 1492 573 devovisset,

94 600 284 633 armatum
312 596 352 633 in
372 608 512 645 equum
532 595 724 632 insiluisse
743 599 783 632 et
802 596 841 632 in
860 595 1007 632 medios
1035 595 1165 632 hostes
1185 594 1387 632 advectum
1407 594 1495 631 telis

94 664 275 701 obrutum
296 664 488 701 corruisse.
545 662 710 700 Constat
730 676 819 700 sane
839 663 997 701 Latinos
1016 663 1119 701 fusos
1138 663 1367 713 fugatosque
1387 676 1478 701 esse.

540 785 577 818 a*

598 830 745 865 Roman
766 829 981 876 Discszlz'ne.

146 919 383 959 33.-Be110
403 919 543 957 Latino
565 919 697 956 consul
717 919 758 956 T.
782 918 951 956 Manlius
971 931 1054 956 cum
1075 919 1216 957 milites
1236 932 1370 969 parum
1390 920 1491 958 dicto

92 988 291 1025 audientes
310 988 658 1033 animadvertisset,
688 992 732 1024 ut
761 987 936 1024 licentiae
965 1000 1095 1024 eorum
1124 987 1238 1025 finem
1266 988 1491 1037 imponeret,

91 1057 215 1094 edixit
242 1070 289 1094 ne
310 1057 395 1106 quis
414 1057 559 1094 iniussu
579 1061 780 1106 pugnaret.
836 1055 952 1093 Forte
973 1056 1111 1093 accidit
1125 1061 1168 1093 ut
1188 1056 1308 1093 filium
1328 1057 1492 1094 consulis

92 1138 208 1175 prope
242 1125 449 1162 stationem
481 1125 653 1162 hostium
690 1125 729 1161 in
763 1137 861 1174 equo
899 1124 1103 1161 advectum
1135 1124 1297 1162 Latinus
1336 1125 1492 1173 quidam

90 1194 302 1240 lacesseret,
315 1194 362 1231 ad
378 1207 545 1244 pugnam
558 1193 804 1243 provocando
820 1193 878 1230 his
893 1193 1020 1229 verbis
1033 1205 1123 1230 usus
1142 1209 1148 1230 :
1177 1193 1296 1230 Visne
1312 1193 1491 1243 congredi

91 1276 240 1300 mecum
286 1268 329 1300 ut
375 1263 423 1300 ab
470 1263 648 1300 omnibus
695 1267 871 1299 cernatur
917 1266 1060 1310 quanto
1107 1261 1268 1299 Latinus
1317 1262 1490 1299 Romano

92 1331 323 1368 antecellati
379 1331 478 1368 Tum
507 1331 616 1369 ferox
646 1330 796 1368 iuvenis
824 1330 880 1367 ira
908 1335 1103 1379 permotus
1133 1330 1314 1367 Latinum
1343 1332 1494 1368 conficit

89 1400 231 1450 gladio,
252 1399 372 1449 spolia
391 1400 430 1436 in
451 1405 574 1437 castra
593 1399 641 1437 ad
660 1405 809 1449 patrem
828 1402 965 1447 portat.
1024 1398 1166 1435 Consul
1183 1399 1322 1436 milites
1338 1399 1491 1438 classico

91 1472 286 1513 convocat,
307 1481 456 1517 quoque
476 1467 590 1505 modo
619 1467 719 1504 filius
748 1480 815 1504 sua
842 1467 944 1503 iussa
971 1466 1194 1516 neglexerit,
1215 1467 1334 1505 docet.
1392 1468 1491 1506 Tum

91 1537 139 1575 ad
159 1537 280 1573 filium
309 1549 522 1582 conversus,
545 1536 810 1585 Disciplinam,
830 1536 968 1585 inquit,
988 1540 1054 1572 tua
1073 1548 1195 1585 poena
1214 1537 1400 1575 restitues
1459 1538 1488 1585 I,

91 1605 212 1651 lictor,
235 1605 361 1654 deliga
380 1605 428 1642 ad
448 1605 587 1654 palum.
646 1604 745 1641 Tum
774 1604 902 1641 iuveni
931 1605 1059 1641 cervix
1080 1605 1199 1642 securi
1227 1618 1402 1654 percussa
1421 1612 1490 1653 est,

91 1674 273 1710 flentibus
292 1673 469 1710 omnibus
490 1673 555 1722 qui
576 1672 874 1710 circumstabant
890 1677 928 1710 et
947 1673 986 1709 in
1001 1672 1170 1710 lamenta
1189 1675 1488 1723 erumpentibus

535 1839 572 1874 T
566 1839 610 1874 [ιε
628 1838 762 1873 Latins
781 1839 820 1874 z'n
842 1838 1054 1887 Sztbjecle'on.

144 1928 462 1973 34.—Devictis,
483 1932 526 1964 ut
555 1940 668 1976 supra
695 1927 1054 1975 demonstravimus,
1077 1927 1234 1977 Latinis,
1257 1930 1490 1981 urbibusque

90 1997 130 2034 in
170 2000 403 2045 potestatem
439 1995 629 2033 victorum
673 1995 850 2042 redactis,
887 1996 1091 2046 unicuique
1139 2010 1268 2035 earum
1313 2000 1489 2037 nonnihil

90 2064 299 2114 largiendo,
313 2063 478 2101 Romani
498 2064 704 2101 effecerunt
716 2068 761 2101 ut
773 2063 903 2102 Latini
917 2077 1099 2114 magnum
1111 2079 1200 2115 erga
1215 2080 1253 2104 se
1266 2068 1488 2117 obsequium

91 2132 318 2170 adhiberent
349 2131 491 2168 maiore
528 2131 697 2180 ipsorum
734 2145 849 2182 quam
886 2133 943 2169 sui
979 2133 1126 2171 ratione
1154 2134 1294 2172 habita.
1352 2135 1488 2186 Neque

89 2199 385 2250 praeteritorum
404 2199 676 2237 beneficiorum
705 2200 827 2247 obliti,
850 2213 935 2237 cum
954 2201 1069 2238 toties
1087 2214 1157 2250 pro
1177 2215 1216 2239 se
1244 2202 1489 2242 dimicassent

90 2268 232 2314 Latini,
254 2280 403 2305 summa
431 2267 470 2304 in
499 2281 563 2305 eos
590 2268 829 2306 humanitate
858 2268 917 2306 usi
945 2273 1098 2307 tantum
1126 2271 1311 2308 cavebant
1337 2285 1385 2309 ne
1414 2286 1489 2322 qua

91 2336 229 2374 seditio
258 2336 297 2372 in
328 2340 524 2384 posterum
552 2335 723 2373 iniretur.
782 2336 833 2373 Et
862 2335 992 2374 Latini
1019 2337 1175 2375 minime
1205 2339 1327 2388 ignari
1353 2341 1437 2386 sibi,
1458 2341 1488 2378 si
