1559 2463
79 69 181 94 PART
203 56 245 108 1.]
492 58 712 95 HISTOR
726 58 761 93 Y
787 58 862 95 OF
882 57 1061 94 ROME.
1433 69 1475 103 13

77 165 224 203 civium.
285 165 377 202 Erat
397 169 525 203 autem
544 164 646 202 inter
664 164 899 202 decemviros
918 165 1069 214 Appius
1097 164 1280 202 Claudius
1309 163 1476 213 quidam,

76 234 136 270 vir
155 233 269 271 alieni
289 239 473 283 appetens
492 233 550 270 sui
569 233 759 282 profusus,
781 233 882 270 idem
903 238 1061 282 propter
1089 233 1291 282 superbam
1311 232 1480 269 indolem

75 302 232 340 minime
248 302 394 340 civibus
409 307 549 352 gratus.
596 302 669 349 Qui
686 315 770 339 cum
788 302 826 338 in
843 303 1069 340 servitutem
1082 302 1299 351 Virginiam
1311 301 1478 350 Virginii

75 384 94 407 e
114 371 224 420 plebe
253 371 449 408 cuiusdam
478 371 594 408 filiam
622 383 755 420 rapere
774 370 903 418 vellet,
934 375 1042 420 pater
1070 371 1187 407 filiam
1217 370 1338 407 cultro
1365 370 1478 406 inter-

75 438 176 476 fecit.
232 439 331 476 Tum
351 440 450 476 cives
470 439 526 476 ira
545 439 709 488 permoti
732 438 967 477 decemviros
988 452 1026 476 se
1046 439 1273 488 magistratu
1302 437 1477 474 abdicare

75 512 291 557 coegerunt,
312 507 484 544 consules
504 507 754 556 tribunosque
774 507 1038 544 restituerunt.

574 673 652 708 The
676 674 798 710 Great
815 673 978 720 Reform.

127 763 371 803 27.—Caius
409 763 578 801 Licinius
616 763 733 810 Stolo,
773 764 913 801 Lucius
959 764 1124 810 Sextius,
1164 764 1310 801 tribuni
1355 764 1477 813 plebis

75 833 292 882 rogationes
311 832 469 870 tandem
488 835 662 870 tulerunt
689 838 733 870 ut
760 833 992 882 pauperibus
1020 845 1105 870 aere
1134 832 1257 870 alieno
1287 833 1477 881 oppressis

73 903 220 940 nummi
236 916 284 940 ex
297 902 441 940 aerario
455 907 715 952 erogarentur,
725 916 812 952 pars
826 902 906 952 agri
919 902 1061 951 publici
1076 902 1212 939 iisdem
1228 901 1475 947 divideretur,

74 971 271 1009 consulum
309 971 405 1008 alter
437 984 456 1008 e
489 971 599 1020 plebe
637 976 835 1008 crearetur.
909 970 1055 1017 Quibus
1092 970 1354 1019 rogationibus
1392 983 1478 1006 cum

73 1045 201 1089 patres
230 1039 532 1085 adversarentur,
555 1039 702 1076 Licinio
723 1038 917 1088 Sextoque
945 1039 1151 1088 quotannis
1183 1043 1388 1089 prorogata
1421 1043 1478 1076 est

75 1109 280 1146 tribunicia
299 1113 480 1157 potestas.
538 1108 717 1155 Quicum
746 1108 826 1145 iure
846 1108 1130 1165 intercessionis
1158 1108 1217 1145 usi
1245 1107 1478 1157 impedirent

74 1190 120 1214 ne
141 1176 313 1214 consules
329 1180 558 1221 crearentur,
575 1176 819 1226 plebeiosque
835 1181 1055 1214 tutarentur
1069 1189 1117 1214 ne
1130 1176 1215 1226 quis
1231 1177 1279 1214 ob
1295 1176 1477 1214 violatam

74 1246 196 1296 legem
234 1245 368 1294 capitis
405 1245 664 1291 damnaretur,
702 1250 831 1295 patres
865 1245 1023 1283 tandem
1058 1245 1191 1283 cedere
1225 1245 1345 1283 coacti
1373 1249 1474 1283 sunt.

74 1315 210 1363 Itaque
248 1327 348 1351 anno
385 1314 489 1351 urbis
526 1314 702 1352 conditae
739 1315 1008 1352 trecentesimo
1045 1314 1277 1364 octogesimo
1315 1314 1477 1364 septimo

74 1382 204 1420 consul
240 1382 411 1432 plebeius
449 1382 670 1431 designatus
703 1387 770 1421 est.
840 1383 987 1430 Quibus
1023 1383 1136 1420 rebus
1167 1383 1285 1433 gestis
1318 1383 1477 1420 victoria

73 1465 189 1502 penes
225 1451 393 1501 plebeios
431 1451 551 1496 stetit,
590 1465 674 1488 cum
713 1452 810 1490 alter
847 1465 866 1489 e
900 1452 1118 1489 consulibus
1155 1452 1326 1501 plebeius
1364 1456 1474 1497 esset,

73 1520 219 1558 tribuni
256 1520 372 1557 etiam
417 1520 567 1569 plebem
609 1520 875 1567 defenderent,
912 1534 1035 1570 neque
1082 1521 1183 1558 ullus
1228 1521 1475 1571 magistratus

73 1594 226 1639 patrum
245 1588 495 1626 tutandorum
514 1589 712 1638 negotium
730 1590 898 1627 haberet.

512 1749 589 1784 The
608 1749 719 1796 Story
737 1748 783 1795 of
798 1749 1030 1786 Coriolanus.

126 1839 406 1886 28.—Quibus
443 1839 540 1876 odiis
577 1839 683 1876 domi
719 1839 980 1889 flagrantibus,
1019 1853 1096 1877 non
1142 1840 1257 1878 semel
1295 1841 1477 1879 adversus

80 1908 210 1945 hostes
245 1907 499 1957 pugnandum
520 1912 612 1946 erat.
671 1908 766 1945 Erat
802 1907 917 1946 Caius
957 1908 1115 1957 quidam
1154 1908 1324 1946 Marcius
1360 1914 1475 1959 gente

73 1975 233 2024 patricia
251 1974 435 2012 oriundus
455 1974 519 2024 qui
540 1988 562 2012 a
580 1975 700 2024 captis
729 1975 903 2021 Coriolis,
930 1976 1071 2025 oppido
1091 1976 1329 2023 Volscorum,
1350 1978 1477 2016 Corio-

74 2043 184 2080 lanus
204 2043 328 2080 dictus
344 2047 411 2080 est.
468 2042 611 2080 Consul
631 2048 764 2092 postea
778 2043 912 2090 factus,
931 2057 1016 2081 cum
1030 2057 1170 2094 magna
1183 2045 1328 2083 Romae
1347 2046 1478 2096 inopia

75 2116 184 2158 esset,
205 2116 410 2161 patresque
435 2111 640 2150 advectum
659 2125 678 2150 e
700 2112 831 2150 Sicilia
857 2113 1097 2151 frumentum
1124 2114 1267 2164 populo
1296 2115 1477 2152 constitu-

74 2180 193 2217 issent
229 2180 407 2226 vendere‚
445 2180 562 2218 vendi
599 2180 738 2218 debere
775 2181 941 2231 negavit.
1016 2181 1183 2220 Proinde
1213 2183 1322 2232 plebs
1355 2197 1474 2234 agros,

75 2261 153 2285 non
183 2248 389 2286 seditiones
420 2249 569 2286 coleret.
629 2248 739 2296 Quod
769 2249 835 2286 ubi
865 2250 1061 2300 cognitum
1094 2251 1269 2298 tribunis,
1300 2252 1402 2290 diem
1433 2253 1472 2291 C.

75 2317 221 2355 Marcio
252 2317 395 2355 dicunt.
453 2317 492 2354 Is
521 2322 649 2355 autem
674 2318 754 2355 fore
784 2323 828 2355 ut
858 2318 1107 2357 damnaretur
1126 2324 1231 2357 ratus
1252 2321 1299 2358 ad
1321 2321 1479 2359 Volscos
