1559 2463
58 58 162 83 PART
183 45 242 96 11.]
429 47 698 83 HISTORY
721 47 797 83 OF
821 46 1070 83 GREECE.
1406 45 1451 90 65

53 153 108 190 rei
127 153 257 190 laudes
277 152 579 190 Atheniensibus
599 152 840 201 potissimum
856 165 935 189 esse
954 150 1192 197 deferendas,
1211 150 1276 200 qui
1297 156 1453 187 strenue

53 235 133 259 rem
152 226 327 271 gerentes
347 221 555 270 Spartanos
575 220 743 269 aliosque
765 234 784 257 e
804 220 914 257 sociis
933 219 1211 257 concitaverint
1231 223 1274 255 ut
1293 218 1453 255 salutem

53 290 198 338 patriae
217 289 393 327 omnibus
412 289 524 326 rebus
543 293 800 338 proponerent
826 293 864 325 et
892 288 940 326 ad
969 288 1147 325 ultimum
1175 287 1451 336 depugnarent.

53 358 99 395 Id
119 371 270 407 quoque
293 357 596 395 animadvertere
625 357 719 394 libet
738 357 841 406 quod
869 362 1027 406 propter
1047 355 1259 393 socordiam
1279 355 1451 400 aliorum,

53 426 212 463 aliorum
248 426 448 475 perfidiam
481 425 582 463 haud
620 426 784 462 multum
817 426 940 463 abfuit
971 425 1063 474 quin
1101 424 1261 461 Graecia
1297 428 1380 461 tota
1413 424 1452 460 in

52 494 240 531 ditionem
277 493 402 531 Persis
438 493 595 530 veniret.
667 493 788 530 Erant
824 493 926 530 enim
963 493 1003 530 in
1040 493 1145 529 omni
1181 492 1260 529 fere
1297 491 1452 528 civitate

53 562 117 611 qui
137 562 264 599 Persis
283 562 457 599 faverent
477 566 516 598 et
543 561 697 610 pietatis
717 575 806 611 erga
825 562 988 611 patriam
1015 561 1256 598 immemores
1276 560 1452 597 libertate

51 631 193 679 privari
238 630 381 668 vellent
426 630 634 668 dummodo
680 630 727 667 de
773 630 935 667 inimicis
986 629 1063 666 suis
1111 641 1252 678 poenas
1298 633 1454 677 possent

52 711 209 736 sumere.
286 698 467 736 Ceterum
505 698 665 736 devictis
705 699 828 735 Persis
863 698 1009 748 gratiae
1043 697 1235 734 communi
1268 709 1452 734 consensu

51 766 353 804 Atheniensibus
381 772 486 805 actae
506 772 597 804 sunt
626 767 727 816 quod
747 767 912 816 patriam
932 770 1170 812 servassent3
1199 777 1321 814 neque
1351 764 1453 801 enim

51 835 224 873 homines
270 834 407 872 fefellit
452 848 520 884 per
560 835 816 872 Athenienses
863 835 1012 872 stetisse
1058 833 1262 883 quominus
1307 831 1454 869 deditio

51 904 272 954 turpissima
291 904 409 941 fieret.

452 1038 707 1074 Themistocles
715 1038 878 1084 forlffies
897 1038 933 1073 Α
937 1038 1049 1073 lllcus.

109 1130 559 1170 135.—-Atheniensibus
578 1130 667 1168 inde
684 1130 841 1167 domum
856 1129 1017 1167 reversis
1032 1128 1307 1166 Themistocles
1323 1132 1455 1165 auctor

53 1198 126 1235 fuit
154 1198 347 1236 moenium
367 1198 501 1236 maiori
530 1198 689 1235 circuitu
717 1197 1041 1235 aedificandorum
1055 1212 1064 1243 3
1094 1197 1148 1234 ita
1168 1197 1281 1243 enim,
1304 1196 1335 1233 si
1355 1195 1454 1233 forte

52 1265 193 1303 bellum
214 1266 421 1312 incidisset,
443 1280 505 1304 eos
525 1267 590 1315 qui
610 1266 688 1303 ruri
707 1266 928 1304 habitarent
956 1270 1153 1314 receptum
1173 1265 1313 1302 habere
1332 1278 1450 1314 posse.

51 1334 127 1371 Sed
147 1340 300 1371 tantum
329 1334 494 1372 Athenis
522 1334 748 1372 invidebant
776 1334 952 1371 civitates
981 1333 1166 1371 finitimae
1187 1338 1226 1371 et
1254 1333 1454 1383 praecipue

52 1403 241 1453 Spartani,
264 1409 308 1441 ut
327 1404 629 1441 Atheniensibus
657 1404 950 1441 denuntiaretur
978 1417 1025 1441 ne
1054 1403 1204 1440 moenia
1231 1405 1455 1449 reficerent3

51 1472 132 1509 fieri
151 1472 253 1510 enim
281 1485 390 1521 posse
418 1477 462 1509 ut
490 1473 606 1510 Persa
633 1472 798 1509 Athenis
826 1485 955 1509 rursus
987 1472 1134 1521 potitus
1164 1485 1212 1509 ex
1242 1471 1335 1509 urbe
1365 1471 1454 1508 inde

51 1541 200 1578 munita
240 1541 333 1578 fines
379 1541 591 1579 vicinorum
632 1545 808 1578 vastaret.
885 1540 1159 1578 Themistocles
1197 1545 1325 1578 autem
1363 1539 1455 1589 quid

52 1610 280 1647 molirentur
295 1609 438 1647 inimici
454 1610 610 1648 minime
626 1610 793 1660 ignarus,
810 1623 896 1647 cum
911 1610 999 1647 dolo
1015 1610 1224 1659 Spartanos
1245 1609 1457 1658 decepisset

53 1684 283 1729 negaretque
311 1680 415 1717 refici
443 1679 604 1725 moenia,
625 1684 734 1717 tanto
763 1679 890 1717 studio
919 1692 1014 1728 opus
1043 1678 1281 1716 efficiendum
1310 1677 1458 1716 curavit

53 1752 96 1785 ut
113 1748 218 1797 prius
238 1761 351 1797 quam
372 1748 511 1785 scirent
531 1748 710 1797 Spartani
730 1748 823 1797 quid
843 1753 1032 1797 ageretur,
1048 1748 1087 1784 in
1107 1760 1190 1784 eam
1211 1747 1456 1784 altitudinem

53 1816 243 1853 creverint
278 1816 428 1853 moenia
462 1820 506 1853 ut
538 1816 694 1854 defendi
731 1821 896 1866 possent.
953 1816 1079 1853 Elusis
1109 1816 1228 1866 igitur
1257 1815 1457 1864 Spartanis

53 1896 176 1933 neque
220 1884 355 1921 urbem
401 1897 621 1933 oppugnare
662 1884 894 1922 audentibus
934 1884 1086 1921 moenia
1126 1884 1275 1933 ingenti
1317 1883 1457 1921 civium

53 1951 201 1990 laetitia
218 1951 382 1989 refecta:
412 1951 568 1990 Piraeus
587 1965 735 1990 necnon
754 1952 882 1991 valido
902 1966 1010 1990 muro
1031 1953 1287 1990 communitus
1308 1958 1375 1990 est.

626 2095 857 2142 Byzantium
865 2125 871 2131 .

111 2178 204 2215 136.
236 2177 418 2223 Quamvis
437 2177 538 2226 apud
558 2177 736 2226 Mycalen
757 2178 994 2216 debellatum
1013 2184 1112 2216 esset
1132 2178 1320 2227 Ionesque
1348 2177 1459 2215 liberi

54 2243 273 2290 evasissent,
305 2244 444 2282 Persae
472 2245 676 2282 nonnullos
696 2245 798 2283 locos
817 2246 857 2283 in
876 2251 1038 2295 utraque
1067 2246 1281 2283 continenti
1310 2246 1457 2283 obtine-

54 2310 148 2348 bant
176 2315 215 2348 et
243 2311 282 2348 in
310 2311 370 2349 his
398 2312 640 2361 Byzantium,
662 2313 848 2362 oppidum
878 2314 1123 2359 ditissimum,
1144 2318 1282 2351 natura
1310 2327 1461 2363 quoquo

744 2392 769 2418 E
