1559 2463
64 60 167 85 PART
187 47 228 98 1.]
478 48 697 84 HISTOR
711 48 747 82 Y
771 48 841 84 Oli
867 47 1049 84 ROME.

1444 60 1464 94 <aa

449 156 526 192 lee
545 156 709 192 Horatii
721 155 802 191 (md
815 156 874 191 tlze
899 156 932 191 C
931 157 1073 192 arialdi.

115 241 297 288 5.-Quo
330 245 459 278 autem
495 239 610 277 modo
643 239 809 276 Romani
837 239 1011 277 Albanos
1040 241 1308 289 superaverint
1339 241 1470 290 paucis

61 309 203 347 referre
222 310 328 347 libet.
387 308 503 345 Forte
522 308 562 345 in
583 308 734 345 duobus
762 312 847 345 tuin
876 308 1108 346 exercitibus
1137 314 1247 346 erant
1274 309 1470 359 trigemini

60 379 215 424 fratres,
237 391 307 415 nec
327 382 453 415 aetate
481 390 550 414 nec
570 376 717 413 viribus
746 376 929 426 dispares.
988 376 1172 414 Horatios
1200 377 1469 428 Curiatiosque

61 447 180 485 fuisse
213 447 306 484 satis
340 450 492 484 constat
503 460 514 493 3
543 458 612 482 nec
644 445 764 482 ferme
796 458 856 482 res
893 446 1054 494 antiqua
1086 446 1159 483 alia
1197 451 1254 483 est
1292 447 1469 485 nobilior.

64 515 163 553 Cum
190 515 408 565 trigeminis
427 518 547 564 agunt
566 527 674 563 reges
693 518 737 550 ut
765 526 834 563 pro
855 527 924 551 sua
953 514 1114 564 quisque
1134 515 1261 564 patria
1288 515 1471 552 dimicent

63 583 174 621 ferro.
232 583 343 621 Nihil
362 587 582 620 recusatur:
611 587 763 631 tenipus
784 586 822 619 et
841 582 947 619 locus
966 583 1157 621 convenit.
1215 584 1327 621 Prius
1356 597 1470 633 quani

62 652 157 689 dimi
171 656 310 698 carent,
321 651 456 689 foedus
472 651 700 688 ictuminter
712 650 908 688 Romanos
922 655 960 687 et
975 650 1149 688 Albanos
1163 656 1220 689 est
1236 652 1296 689 his
1309 652 1471 702 legibus,

64 724 119 766 ut,
151 720 256 757 cuius
284 720 416 769 populi
449 719 549 757 cives
587 732 630 756 00
664 719 874 757 certamine
906 719 1101 765 vicissent,
1131 721 1163 757 is
1192 721 1302 758 alteri
1330 722 1472 771 populo

63 802 149 826 cum
177 790 277 826 bona
304 802 396 838 pace
424 788 672 838 imperitaret.
730 787 858 825 Datur
885 788 1059 837 signum:
1087 789 1316 839 infestisque
1345 791 1471 836 armis,

64 858 170 895 velut
190 857 298 904 acies,
317 857 419 893 terni
433 856 604 903 iuvenes,
621 869 849 906 magnorum
865 857 1105 894 exercituum
1121 858 1268 895 animos
1282 864 1470 908 gerentes,

64 931 305 964 concurrunt.
365 925 563 963 Consertis
582 926 771 969 manibus,
793 925 870 962 duo
898 925 1064 962 Romani
1084 939 1198 975 super
1218 927 1335 964 alium
1364 928 1472 974 alius,

64 995 273 1033 vulneratis
302 995 426 1032 tribus
456 994 631 1040 Albanis,
661 994 903 1042 exspirantes
933 999 1167 1033 corruerunt.
1225 995 1288 1033 Ad
1309 1010 1473 1046 quorum

64 1077 192 1102 casum
229 1077 314 1101 cum
347 1063 619 1100 conclamasset
650 1062 790 1111 gaudio
823 1062 999 1099 Albanus
1037 1064 1240 1109 exercitus⁷
1278 1065 1473 1102 Romanas

64 1133 233 1183 legiones
252 1133 328 1169 iam
349 1144 435 1181 spes
456 1136 551 1177 tota,
572 1131 746 1168 nondum
765 1135 893 1168 tamen
915 1144 1005 1168 cura
1024 1131 1260 1179 deseruerat,
1277 1133 1473 1171 exanimes

64 1202 145 1239 vice
164 1201 278 1238 unius
299 1213 413 1249 quem
432 1205 510 1237 tres
530 1199 695 1237 Curiatii
724 1199 1069 1237 circumsteterant.
1128 1200 1244 1239 Forte
1262 1201 1294 1239 is
1323 1202 1474 1252 integer

63 1271 149 1317 fuit,
185 1275 228 1307 ut
261 1269 450 1306 universis
482 1268 585 1306 solus
614 1281 858 1318 nequaquam
890 1282 968 1318 par,
1005 1269 1057 1307 sic
1086 1270 1272 1308 adversus
1301 1271 1471 1321 singulos

63 1340 183 1377 ferox.
241 1339 341 1388 Ergo
362 1343 406 1376 ut
426 1343 645 1388 segregaret
663 1350 833 1387 pugnam
853 1350 986 1375 eorum
1002 1339 1167 1388 capessit
1186 1339 1327 1389 fugam.
1388 1341 1472 1378 Iani

64 1408 305 1457 aliquantum
327 1407 442 1456 spatii
461 1420 508 1444 ex
536 1419 580 1444 eo
601 1406 695 1452 1000,
716 1406 782 1443 ubi
810 1412 1026 1456 pugnatum
1055 1412 1126 1453 est,
1148 1408 1361 1458 aufugerat,
1384 1422 1470 1446 cum

64 1477 269 1526 respiciens
288 1477 396 1514 videt
414 1476 563 1526 magnis
583 1476 798 1513 intervallis
818 1481 1044 1525 sequentes:
1074 1490 1194 1515 unum
1214 1478 1317 1515 haud
1337 1480 1471 1529 procul

65 1546 112 1583 ab
128 1559 209 1583 sese
227 1545 368 1582 abesse.
426 1544 473 1581 In
489 1557 576 1581 eum
595 1557 734 1594 magno
753 1544 901 1594 impetu
920 1545 1047 1582 rediit.
1104 1545 1155 1582 Et
1184 1546 1277 1583 dum
1295 1548 1471 1587 Albanus

65 1614 254 1651 exercitus
273 1613 454 1650 inclamat
471 1612 657 1650 Curiatiis
676 1613 735 1650 uti
756 1626 867 1662 opem
886 1613 1013 1651 ferant
1031 1614 1154 1660 fratri,
1177 1615 1253 1652 iam
1273 1615 1472 1664 Horatius,

66 1695 173 1720 caeso
211 1683 320 1720 hoste
348 1681 482 1728 victor,
513 1681 719 1719 secundam
756 1695 925 1731 pugnam
963 1683 1129 1731 petebat.
1188 1684 1271 1721 Iam
1308 1685 1472 1724 clamore

64 1751 230 1790 Romani
249 1750 434 1788 adiuvant
452 1750 615 1788 militem
635 1763 746 1787 suum
763 1765 770 1788 ε
801 1756 840 1787 et
859 1750 923 1788 1110
952 1750 1112 1801 defungi
1139 1753 1284 1801 proelio
1300 1753 1468 1792 festinat.

65 1820 176 1858 Prius
196 1820 326 1869 itaque
346 1832 460 1869 quam
481 1819 588 1866 alter,
610 1819 676 1868 qui
703 1832 774 1856 nec
801 1819 935 1868 procul
955 1820 1097 1867 aberat,
1120 1822 1299 1871 consequi
1328 1829 1470 1872 posset,

65 1893 105 1926 et
124 1888 287 1926 alterum
306 1887 522 1925 Curiatium
551 1887 710 1924 conficit.
769 1887 928 1937 Iamque
957 1888 1098 1938 singuli
1126 1896 1372 1938 supererant:
1403 1891 1470 1928 sed

65 1971 134 1995 nec
154 1970 219 2006 spe
239 1970 308 1994 1100
328 1956 473 1994 viribus
500 1969 619 2005 pares.
679 1956 760 1993 Nec
788 1956 884 1993 illud
912 1956 1100 2005 proelium
1128 1957 1214 1995 fuit.
1272 1958 1470 1997 Romanus

66 2026 217 2064 hostem
237 2026 454 2070 obtruncat,
475 2025 664 2062 iacentem
684 2024 834 2074 spoliat.

504 2160 542 2195 T
536 2160 580 2195 lle
598 2158 839 2195 Destruction
858 2159 902 2206 (ff
913 2160 1023 2196 Alba.

119 2242 354 2292 6.—Neque
391 2242 458 2280 diu
485 2256 562 2292 pax
598 2243 750 2280 Albana
777 2243 942 2280 mansit:
970 2256 1060 2280 nam
1092 2244 1235 2282 Albani
1268 2245 1472 2295 imperium

68 2311 330 2349 Romanorum
367 2324 478 2361 aegre
523 2311 690 2348 ferentes
736 2311 972 2349 occasionem
1010 2312 1174 2349 nocendi
1219 2313 1265 2350 iis
1302 2314 1471 2352 studiose
