1559 2463
95 70 143 104 68
304 69 540 105 SECOND
568 68 759 103 LATJN
778 67 1058 105 READJNG
1086 67 1258 104 BOOK
1309 65 1430 117 [PART
1451 78 1492 102 11.

93 188 133 211 se
153 175 217 223 qui
238 180 389 212 tantum
418 175 544 211 Persis
573 174 778 219 nocuisset,
808 174 944 211 iisdem
972 174 1137 211 multum
1165 174 1346 223 prodesse
1372 186 1493 223 posse,

93 243 257 292 benigne
287 256 307 279 a
335 255 423 291 rege
444 246 629 290 exceptus
649 246 717 279 est.
776 241 993 291 Sperabant
1012 242 1115 279 enim
1134 242 1274 279 Persae
1294 255 1332 278 se
1352 240 1495 278 auxilio

92 310 360 347 Themistoclis
380 323 466 347 usos
487 310 652 347 Graecos
673 309 847 359 subigere
867 322 989 359 posse,
1006 323 1096 347 nam
1115 323 1184 359 per
1198 308 1495 347 Themistoclem

93 379 243 416 stetisse
272 378 474 416 constabat
502 377 705 427 quominus
739 378 887 415 Xerxes
915 378 962 415 de
996 377 1150 415 Graecis
1178 390 1321 426 poenas
1349 389 1496 414 sumere

94 446 293 495 potuisset.
349 446 485 495 Neque
505 450 633 483 autem
662 445 848 495 promissa
876 450 1069 494 praestare
1098 445 1348 483 Themistocli
1376 444 1495 490 licuit,

93 515 159 564 qui
179 515 312 552 morbo
333 514 495 551 decessit
515 527 554 550 re
575 514 727 551 infecta.

250 681 425 728 quorms
445 681 659 716 introduced
674 681 717 726 by
737 681 795 716 the
820 681 1096 716 Conservallves
1116 684 1157 715 αἱ
1174 680 1326 716 Athens.

156 773 388 811 lim—Sub
426 772 465 809 id
512 777 665 821 tempus
703 772 803 809 cives
849 772 1116 819 Athenienses,
1155 776 1260 809 metu
1297 772 1500 809 Persarum

95 841 260 886 liberati,
289 853 478 877 memores
507 839 620 876 simul
641 852 715 888 quo
745 839 860 877 modo
889 853 1075 889 pauperes
1104 839 1207 877 idem
1227 839 1330 889 quod
1358 840 1498 877 divites

96 909 307 958 periculum
326 909 523 955 adiissent,
545 908 659 945 rebus
679 908 868 945 novandis
889 908 1054 946 studere.
1112 908 1194 945 Iam
1214 908 1355 957 ubique
1375 907 1499 945 audiri

96 978 135 1015 in
164 978 245 1015 foro
274 983 313 1015 et
341 979 379 1014 in
409 977 569 1014 aedibus
607 977 768 1025 privatis
796 990 907 1014 voces
936 977 1205 1026 flagitantium,
1236 977 1301 1025 qui
1339 976 1498 1026 periculi

97 1046 301 1095 participes
338 1045 511 1090 fuissent,
552 1045 598 1081 iis
644 1045 900 1094 praemiorum
940 1045 1303 1094 commodorumque
1350 1049 1498 1094 partem

96 1113 378 1151 concedendam
407 1126 495 1150 esse.
557 1112 618 1149 An
647 1112 686 1149 id
715 1126 879 1161 aequum
899 1113 1022 1150 videri
1051 1126 1239 1150 summam
1268 1117 1498 1162 potestatem

96 1195 213 1231 penes
229 1181 370 1218 divites
390 1194 481 1227 csse,
504 1181 656 1217 nonnisi
677 1181 879 1218 vulnerum
900 1186 939 1218 et
958 1181 1083 1218 caedis
1102 1186 1252 1230 partem
1271 1180 1373 1230 plebi
1390 1180 1499 1217 dari?

98 1251 181 1297 Qua
218 1264 257 1288 re
286 1250 553 1287 animadversa
589 1250 792 1295 Aristides,
822 1250 887 1299 qui
915 1250 1146 1299 primoribus
1183 1254 1368 1298 praeerat,
1398 1249 1498 1298 leges

98 1318 303 1357 mutandas
332 1331 411 1355 esse
439 1323 554 1363 ratus,
587 1331 632 1354 ne
663 1331 738 1367 qua
766 1317 954 1354 seditione
982 1317 1168 1367 primores
1206 1330 1273 1354 sua
1308 1321 1499 1366 potestate

100 1393 345 1433 exuerentur,
375 1388 456 1436 ipse
485 1387 608 1436 legem
637 1387 740 1433 tulit,
769 1400 845 1436 qua
873 1387 933 1423 vel
970 1386 1129 1435 pauperi
1157 1386 1314 1423 cuilibet
1342 1399 1361 1423 e
1390 1385 1499 1435 plebe

99 1457 345 1507 magistratus
364 1456 496 1493 liceret
516 1456 629 1493 obire.
689 1456 846 1492 Mortuo
866 1455 1039 1492 Aristide
1060 1455 1313 1504 optimatibus
1328 1459 1502 1504 praeerat

101 1527 238 1564 Cimon
267 1525 367 1562 filius
405 1524 606 1571 Miltiadis,
638 1524 718 1561 dux
755 1524 928 1573 egregius
962 1524 1064 1561 idem
1101 1524 1161 1561 vir
1189 1524 1335 1573 optima
1372 1523 1500 1561 indole

99 1594 308 1644 praeditus,
323 1593 388 1642 qui
409 1592 573 1630 foederis
589 1606 675 1629 cum
696 1592 894 1641 Spartanis
914 1592 1082 1629 faciendi
1101 1596 1235 1629 auctor
1254 1591 1340 1638 fuit,
1358 1596 1395 1628 et
1410 1591 1500 1629 belli

101 1665 283 1702 adversus
303 1664 438 1701 Persas
457 1676 533 1700 una
551 1663 719 1713 gerendi.

466 1830 623 1865 Perlklcs
642 1830 722 1864 and
737 1829 796 1864 the
817 1829 968 1864 Libera]
984 1829 1121 1875 Polz‘cy.

158 1921 481 1961 lira-Pericles
510 1933 600 1957 vero
629 1920 668 1956 id
697 1920 893 1968 temporis,
924 1920 982 1956 vir
1009 1919 1129 1957 nobili
1159 1919 1276 1967 stirpe
1305 1918 1498 1963 oriundus,

103 1991 168 2041 qui
188 1990 429 2040 popularium
448 1989 621 2038 partibus
640 1993 826 2037 praeerat,
846 2001 932 2026 cum
961 1993 1071 2025 tanta
1098 1988 1200 2024 facta
1220 1992 1319 2024 esset
1338 1987 1500 2023 mutatio
1547 1986 1550 1987 ⁷

102 2072 252 2096 morum
279 2057 515 2106 rationisque
536 2056 702 2102 vivendi,
723 2057 864 2093 mutari
893 2056 1008 2093 etiam
1028 2056 1166 2093 debere
1186 2055 1326 2092 civium
1345 2054 1501 2092 consilia

103 2126 359 2164 existimabat.
408 2125 454 2162 Id
474 2125 590 2161 etiam
610 2124 1008 2161 formidolosissimum
1022 2123 1226 2161 videbatur
1245 2122 1348 2171 quod
1363 2122 1499 2160 Cimon
1551 2134 1559 2147 ’-’

103 2195 382 2244 optimatesque
410 2193 544 2230 foedus
573 2206 658 2230 cum
687 2192 885 2241 Spartanis
914 2192 1130 2229 faciendum
1158 2189 1382 2236 suadebant,
1411 2191 1500 2228 ami-

1552 2191 1559 2234 'i

103 2264 288 2312 citiaeque
308 2261 561 2310 sempiternae
581 2266 753 2298 auctores
782 2261 932 2298 fiebant.
991 2260 1126 2309 Neque
1155 2260 1307 2309 ignarus
1336 2258 1500 2296 Pericles
1542 2270 1554 2306 f

102 2331 183 2369 fore
204 2336 247 2368 ut
266 2329 472 2379 aliquando
501 2342 586 2366 cum
614 2329 813 2378 Spartanis
832 2329 879 2366 de
908 2329 1067 2378 imperio
1087 2327 1361 2366 decertandum
1389 2330 1499 2372 esset,
1527 2307 1559 2463 d
