1559 2463
99 82 147 117 88
324 83 561 119 SECOND
588 83 779 118 LATJN
797 83 1075 121 READJNG
1102 83 1271 120 BOOK.
1313 81 1431 133 [PART
1452 96 1492 121 11.

576 192 797 237 Srlprevmqy
815 190 860 237 of
874 192 1016 227 leebes.

154 289 401 329 183.—Inde
429 289 486 326 ira
513 289 789 339 Spartanorum
816 290 857 327 in
885 289 1087 327 Thebanos
1114 302 1233 336 versa,
1263 289 1494 328 incursiones

96 357 137 394 in
156 357 355 395 Boeotiam
374 357 455 395 fieri
474 363 639 407 coeptae.
697 358 890 395 Thebanis
911 358 950 395 id
970 358 1152 407 temporis
1168 363 1341 407 praeerat
1360 359 1493 408 Epam-

96 425 268 472 inondas,
291 426 351 464 vir
378 426 468 464 belli
496 427 762 476 peritissimus,
783 426 884 464 idem
912 440 1061 464 summa
1088 426 1232 464 virtute
1252 431 1291 464 et
1310 427 1493 477 sapientia

96 494 301 543 praeditus.
377 494 472 532 Acie
500 494 657 532 tandem
686 494 735 531 ad
768 494 942 540 Leuctra,
973 494 1158 544 oppidum
1190 494 1381 542 Boeotiae,
1409 507 1491 532 con—

96 568 208 608 serta,
238 576 323 599 cum
355 563 592 612 aliquamdiu
612 576 761 600 summo
779 563 960 612 utrinque
989 563 1116 601 studio
1143 569 1356 613 pugnatum
1386 568 1491 610 esset,

95 631 234 680 peritia
251 631 540 680 Epaminondae
560 632 761 669 victoriam
781 631 975 669 Thebanis
1003 631 1119 669 dedit.
1179 632 1347 670 Tantum
1368 636 1492 670 autem

95 700 227 736 aberat
259 703 303 736 ut
332 700 424 737 haec
456 700 617 737 victoria
649 700 938 749 Epaminondae
975 700 1210 737 satisfaceret
1242 705 1285 737 ut
1322 700 1492 738 civitates

94 767 282 805 Arcadiae
302 768 378 806 icto
393 768 546 806 foedere
562 768 743 806 adversus
760 768 968 817 Spartanos
984 769 1202 815 concitaret,
1220 773 1258 806 et
1273 769 1492 816 Messenios,

95 836 233 884 quibus
275 836 342 874 diu
388 837 704 887 imperitaverant
742 837 931 886 Spartani,
971 837 1019 874 ad
1056 837 1187 886 iugum
1225 837 1492 875 excutiendum

95 903 274 942 alliceret.
331 905 427 942 Mox
447 910 575 942 autem
604 906 705 943 inter
724 905 910 942 Arcadios
930 906 1015 943 rixa
1043 911 1172 944 coorta
1199 920 1282 944 cum
1305 907 1364 945 alii
1384 907 1493 956 Spar-

94 973 206 1018 tanis,
228 973 292 1010 alii
312 973 505 1011 Thebanis
533 974 720 1020 faverent,
741 974 883 1011 bellum
912 974 1157 1012 instauratur.
1216 975 1352 1012 Missae
1376 975 1493 1025 igitur

94 1054 116 1077 a
136 1040 336 1090 Spartanis
364 1042 494 1091 copiae
515 1055 610 1091 quae
631 1043 709 1079 suis
732 1042 1019 1079 auxiliarentur.
1078 1042 1224 1089 Quibus
1252 1057 1333 1080 cum
1353 1044 1492 1093 Epam-

93 1109 255 1147 inondas
284 1110 486 1148 confestim
515 1111 667 1148 obviam
696 1111 837 1157 ivisset,
870 1110 918 1148 ad
946 1111 1187 1149 Mantineam
1220 1112 1321 1149 iusto
1349 1113 1493 1162 proelio

94 1177 306 1216 dimicatur.
365 1180 500 1218 Victor
545 1179 832 1229 Epaminondas
877 1179 968 1216 dum
1005 1192 1174 1229 pugnam
1210 1180 1382 1229 princeps
1420 1181 1494 1218 ciet

93 1245 214 1283 iaculo
236 1248 444 1285 transfixus
465 1249 637 1286 decessit.

442 1425 480 1459 T
474 1424 517 1459 lle
530 1423 705 1470 growing
712 1429 843 1470 power
859 1422 904 1468 (ff
915 1422 1142 1458 Macedonia.

150 1531 462 1570 184.—M01·tuo
499 1529 766 1579 Epaminonda
798 1528 971 1565 Thebani
1009 1527 1103 1565 duce
1141 1528 1331 1575 carebant,
1369 1542 1491 1578 neque

93 1600 293 1637 constabat
310 1613 425 1649 penes
438 1613 552 1649 quani
573 1599 766 1636 civitatem
788 1611 935 1635 summa
955 1597 1104 1645 imperii
1124 1603 1234 1644 esset,
1257 1611 1342 1635 cum
1362 1611 1491 1636 omnes

92 1669 235 1717 pariter
254 1668 553 1705 infortuniorum
575 1666 755 1712 taederet,
778 1679 900 1715 neque
917 1664 1119 1714 quisquam
1145 1679 1274 1702 rursus
1295 1666 1490 1704 fortunam

92 1737 183 1774 belli
211 1737 375 1786 experiri
404 1736 570 1773 auderet.
630 1735 885 1772 Macedonum
914 1733 953 1770 id
981 1734 1164 1784 temporis
1191 1734 1391 1784 Philippus
1425 1748 1490 1772 rex

91 1805 176 1851 fuit,
218 1806 278 1842 vir
325 1805 591 1842 callidissimus
636 1803 801 1852 bellique
848 1804 1115 1852 peritissimus,
1162 1803 1228 1851 qui
1274 1802 1490 1840 adolescens

91 1873 233 1910 Thebis
261 1873 496 1922 aliquamdiu
525 1877 781 1910 commoratus
810 1878 930 1909 artem
959 1872 1049 1910 belli
1079 1871 1295 1909 edidicerat.
1356 1871 1490 1920 Itaque

90 1941 314 1990 conscriptis
352 1941 469 1990 copiis
497 1940 537 1977 id
574 1940 645 1977 sibi
682 1939 905 1977 iamdudum
937 1940 1175 1990 proponebat
1212 1944 1256 1976 ut
1292 1939 1490 1976 universae

90 2009 269 2047 Graeciae
286 2010 535 2058 imperitaret,
548 2022 689 2058 gnarus
704 2008 861 2045 minime
881 2009 953 2046 sibi
969 2008 1094 2046 resisti
1110 2020 1230 2056 posse,
1254 2020 1339 2044 cum
1356 2008 1491 2045 Graeci

88 2083 147 2115 tot
175 2078 369 2115 intestinis
398 2078 507 2115 bellis
535 2077 685 2123 defessi,
716 2077 869 2114 nonnisi
898 2077 1026 2126 quiete
1054 2077 1131 2114 frui
1151 2080 1343 2124 cuperent,
1366 2089 1490 2125 neque

88 2146 223 2184 ducem
259 2146 447 2184 haberent
484 2146 549 2195 qui
589 2158 675 2183 cum
720 2145 802 2194 ipso
849 2145 1101 2183 conferendus
1138 2144 1341 2182 videretur.
1412 2144 1490 2182 Diu

87 2215 204 2252 etiam
236 2215 493 2252 Macedonum
527 2227 617 2264 opes
646 2218 855 2259 creverant,
885 2227 969 2251 cum
1004 2219 1063 2251 tot
1096 2225 1215 2250 annos
1253 2225 1343 2262 pace
1380 2211 1489 2249 fruiti

86 2288 222 2329 essent,
246 2296 368 2332 neque
398 2283 531 2320 eodeni
560 2282 673 2319 modo
703 2295 778 2331 quo
806 2281 945 2331 reliqui
974 2281 1108 2318 Graeci
1137 2281 1238 2318 vires
1267 2284 1305 2316 et
1334 2280 1488 2317 divitias

85 2352 416 2400 consumpsissent.
489 2350 593 2397 Quae
631 2363 716 2387 Cum
753 2349 808 2386 ita
847 2353 975 2386 essent
1011 2349 1215 2398 Philippus
1253 2348 1487 2385 occasionem
