1559 2463
57 57 160 82 PART
181 44 222 96 1.]
469 45 729 82 HJSTORY
759 45 834 82 OF
855 45 1035 82 ROME.
1410 58 1453 90 41

55 157 173 194 simus
201 158 266 206 qui
294 161 338 195 ut
366 157 525 195 meliora
552 169 702 206 semper
731 157 920 206 probabat
947 156 1002 193 ita
1034 156 1273 194 auctoritatis
1304 161 1459 206 patrum

55 240 185 264 suasor
217 227 303 265 fuit.
379 227 543 264 Interim
579 226 725 264 maiore
763 239 913 275 semper
951 225 1053 275 apud
1086 226 1238 274 plebem
1269 230 1459 275 potestate

54 295 135 331 fieri
154 295 193 333 C.
214 295 337 332 Iulius
356 295 496 333 Caesar
515 295 581 344 qui
600 295 774 344 quamvis
793 294 913 332 nobili
933 295 1049 344 stirpe
1070 294 1256 332 Iuliorum
1276 294 1459 332 oriundus

52 368 162 411 esset,
183 364 287 413 plebi
307 365 548 414 gratissimus
568 363 651 401 fuit.

528 498 727 534 Catilina’s
751 497 784 534 C
783 497 984 544 onspiracy.

105 580 388 628 87.—Quant0
408 581 448 618 in
467 580 686 618 discrimine
712 594 771 618 res
799 580 944 618 Romae
969 579 1127 626 fuerint,
1148 580 1379 618 documento
1399 584 1458 618 est

52 648 190 686 seditio
219 662 240 686 a
269 649 387 686 Lucio
421 648 552 698 Sergio
586 648 755 686 Catilina
774 648 880 686 inita.
938 648 977 685 Is
1010 648 1130 686 nobili
1155 653 1263 698 patre
1291 649 1456 699 genitus,

52 717 180 754 Sullae
212 717 315 754 idem
343 717 688 763 coniunctissimus,
719 730 804 754 cum
837 729 923 754 aere
955 716 1080 754 alieno
1113 717 1313 764 laboraret,
1345 718 1458 755 rebus

50 785 239 824 novandis
268 786 457 833 studebat,
483 786 538 823 ita
566 786 679 823 modo
707 799 745 823 se
771 785 923 822 ruinam
951 786 1117 836 effugere
1145 799 1255 835 posse
1282 790 1400 832 ratus,
1426 786 1458 823 si

51 855 297 904 magistratus
325 855 585 904 oppressisset.
643 855 781 904 Itaque
805 868 892 892 cum
919 868 958 892 se
983 855 1088 904 plebi
1116 855 1244 892 favere
1264 855 1457 905 professus

51 928 151 961 esset
183 923 423 961 consulatum
464 923 578 972 petiit
613 923 770 961 absente
803 923 998 972 Pompeio.
1067 923 1151 970 Qua
1188 936 1253 973 spe
1285 923 1455 961 deiectus

52 992 117 1029 ubi
144 992 237 1029 urbe
267 992 430 1029 excessit
462 1004 620 1041 magnas
649 992 776 1041 copias
805 991 1052 1041 comparavit.
1111 991 1185 1038 Qui
1214 992 1247 1029 ei
1276 991 1458 1029 favebant

50 1060 196 1098 indicta
228 1073 359 1097 caussa
386 1073 408 1098 a
435 1060 487 1097 M.
521 1060 647 1098 Tullio
675 1060 869 1107 Cicerone,
901 1061 967 1110 qui
1000 1073 1044 1098 eo
1072 1074 1173 1098 anno
1206 1061 1337 1098 consul
1369 1061 1454 1107 fuit,

51 1129 185 1178 capitis
217 1129 391 1166 damnati
424 1134 523 1167 sunt.
581 1129 808 1178 Insequenti
841 1143 941 1167 anno
976 1134 1150 1167 conserto
1179 1129 1324 1179 proelio
1353 1143 1457 1167 exer-

50 1197 147 1234 citus
176 1196 366 1235 Catilinae
394 1197 502 1234 fusus
530 1197 775 1247 fugatusque,
796 1198 876 1247 ipse
896 1197 1104 1235 fortissime
1128 1197 1313 1235 dimicans
1341 1198 1456 1236 inter—

48 1265 171 1302 fectus
204 1270 272 1304 est.
328 1265 470 1303 Postea
506 1265 679 1303 Ciceroni
717 1266 821 1303 diem
858 1266 994 1303 dicunt
1026 1266 1183 1313 inimici,
1218 1266 1321 1316 quod
1355 1267 1455 1304 cives

49 1332 194 1370 indicta
222 1346 353 1370 caussa
381 1333 516 1383 capitis
546 1333 818 1371 damnavisset.
876 1334 927 1380 Is,
949 1347 1034 1372 cum
1063 1347 1233 1372 caussam
1261 1339 1455 1384 praestare

48 1414 126 1438 non
145 1402 345 1450 potuisset,
368 1402 586 1440 exsulatum
606 1402 711 1440 abiit.

508 1537 582 1573 Tlce
601 1537 706 1573 ffi'rst
729 1538 997 1574 Trz'mnvirate.

101 1628 280 1667 88.—-In
308 1628 379 1666 hoc
408 1632 511 1665 statu
539 1641 667 1665 rerum
686 1629 918 1666 verebantur
937 1629 1038 1666 cives
1058 1642 1105 1667 ne
1126 1629 1331 1679 Pompeius
1351 1642 1454 1667 exer-

48 1697 125 1734 citu
144 1697 185 1734 in
203 1697 338 1734 urbem
358 1696 473 1734 ducto
489 1697 618 1734 omnia
634 1710 723 1734 suae
738 1697 897 1735 ditionis
916 1697 1067 1735 faceret.
1118 1698 1242 1745 Quam
1262 1703 1455 1747 exspecta-

47 1765 191 1803 tionem
211 1765 350 1802 fefellit
369 1765 589 1814 Pompeius,
610 1765 675 1814 qui
696 1765 865 1803 exercitu
892 1766 1049 1804 dimisso
1068 1767 1241 1816 privatus
1260 1766 1300 1803 in
1320 1767 1453 1803 urbem

46 1834 142 1871 iniit.
200 1834 374 1871 Primum
402 1833 557 1882 quidem
584 1847 715 1871 omnes
743 1839 852 1883 grato
876 1834 915 1871 in
940 1834 1167 1884 Pompeium
1195 1835 1322 1872 animo
1343 1839 1453 1872 erant

46 1916 131 1940 cum
159 1907 265 1940 metu
292 1902 445 1939 liberati
473 1907 608 1940 essent.
668 1902 706 1939 Is
734 1908 864 1940 tamen
898 1904 1003 1940 brevi
1034 1909 1206 1953 tempore
1234 1903 1452 1941 intermisso

45 1972 111 2009 ubi
131 1970 406 2009 animadvertit
425 1984 463 2007 se
483 1970 630 2008 minore
651 1971 753 2021 apud
779 1972 933 2021 plebem
960 1973 1085 2022 gratia
1104 1985 1196 2018 esse,
1217 1972 1450 2010 interceden-

45 2041 147 2077 tibus
167 2040 283 2077 etiam
303 2039 562 2077 simultatibus
591 2039 773 2077 adversus
802 2044 942 2089 patres,
973 2054 1057 2077 cum
1087 2041 1126 2079 C.
1159 2041 1258 2078 Iulio
1288 2041 1450 2079 Caesare

44 2113 82 2145 et
100 2108 154 2146 M.
177 2107 314 2145 Crasso
343 2108 565 2145 societatem
593 2108 667 2145 init
694 2114 738 2146 ut
766 2109 869 2158 quod
898 2110 1059 2159 quisque
1085 2110 1214 2156 vellet,
1236 2110 1275 2147 id
1305 2111 1449 2148 efficere

43 2181 208 2225 possent.
265 2176 403 2225 Itaque
423 2176 563 2214 Caesar
584 2177 715 2214 consul
734 2177 857 2215 factus
877 2177 1001 2227 legem
1022 2178 1210 2227 agrariam
1239 2178 1330 2215 tulit
1353 2192 1449 2228 quae

43 2245 233 2282 veteranis
252 2245 412 2294 Pompei
437 2258 547 2294 agros
575 2246 836 2284 distribueret.
893 2246 990 2283 Inde
1019 2247 1174 2284 iubente
1203 2247 1344 2296 populo
1365 2260 1448 2296 pro-

41 2312 170 2350 consul
190 2312 337 2350 Galliae
357 2312 581 2363 designatus
601 2327 758 2364 magnas
777 2315 905 2364 copias
927 2315 1162 2364 conscripsit.
