1559 2463
97 73 167 109 132
295 61 364 98 SE
372 61 406 99 C
409 61 532 100 OND
558 62 752 98 LATIN
770 61 1050 100 READING
1077 62 1250 101 BOOK.
1292 60 1412 113 [PART
1433 73 1490 101 111.

91 169 197 218 lyrae
218 181 333 206 sonus
352 168 582 206 audiebatur
598 183 604 206 :
632 172 721 218 post
739 168 810 207 hos
829 169 869 206 in
888 168 1074 207 vehiculis
1093 182 1162 219 pro
1182 170 1290 219 copia
1311 170 1494 219 cuiusque

92 237 288 276 adornatis
316 237 629 275 comissabundus
658 238 858 276 exercitus.
914 237 1061 288 Regem
1086 238 1213 288 ipsum
1240 239 1495 288 convivasque

92 306 259 344 vehebat
291 319 432 352 currus,
464 306 620 344 crateris
657 306 781 344 aureis
817 307 1038 356 poculisque
1074 307 1301 357 praegravis.
1359 307 1495 356 Itaque

92 374 164 412 hoc
183 373 298 412 modo
318 387 386 423 per
404 374 486 411 dies
506 378 654 423 septem
681 375 997 413 bacchabundum
1016 388 1153 425 agmen
1179 375 1343 422 incessit,
1364 379 1498 424 parata

92 442 245 492 praeda,
267 442 298 479 si
317 442 410 491 quid
437 442 549 479 victis
569 442 704 480 saltem
724 442 906 481 adversus
926 443 1172 481 comissantes
1200 443 1317 482 animi
1335 443 1471 481 fuisset
1485 457 1495 491 ς

94 510 161 548 sed
198 510 355 548 fortuna
390 510 611 549 huiusmodi
648 511 811 549 dedecus
848 512 889 549 in
919 512 1075 562 gloriam
1110 512 1239 558 vertit,
1268 511 1497 549 mirantibus

94 579 252 625 cunctis,
272 592 341 628 per
359 583 493 628 gentes
521 579 694 616 nondum
714 580 806 617 satis
834 579 999 617 domitas
1027 580 1224 618 incessisse
1252 580 1496 627 temulentos,

94 648 277 695 barbaris,
301 647 404 697 quod
424 648 621 686 temeritas
641 652 734 694 erat,
754 648 933 686 fiduciam
951 662 1031 686 esse
1052 649 1302 687 credentibus.

599 789 824 828 sharclms's
842 793 990 839 Repert.

148 881 431 921 270.-—Haud
450 881 572 919 multo
592 886 680 930 post
700 882 910 928 Nearchus,
933 895 1046 932 quem
1074 882 1224 932 longius
1243 882 1283 919 in
1303 882 1498 920 Oceanum

94 950 298 1001 procedere
344 949 517 995 iusserat,
566 949 797 998 supervenit.
873 949 1091 987 Nuntiabat
1136 954 1264 987 autem
1310 949 1498 1000 quaedam

95 1018 240 1063 audita,
278 1016 352 1054 alia
390 1020 607 1066 comperta:
654 1017 819 1054 insulam
856 1017 953 1055 ostio
991 1017 1114 1054 amnis
1160 1017 1370 1055 subiectam
1406 1031 1498 1056 auro

95 1086 303 1132 abundare,
322 1085 477 1134 inopem
505 1098 689 1134 equorum
709 1098 789 1123 esse
807 1101 814 1123 :
844 1086 1012 1136 singulos
1032 1099 1094 1123 eos
1114 1086 1162 1123 ab
1180 1085 1237 1133 iis,
1260 1086 1326 1135 qui
1345 1099 1393 1124 ex
1413 1099 1499 1124 con-

95 1154 237 1193 tinenti
269 1153 441 1192 traiicere
474 1153 671 1200 auderent,
702 1154 861 1203 singulis
894 1154 1050 1192 talentis
1083 1154 1167 1192 emi.
1224 1154 1388 1192 Plenum
1419 1167 1500 1192 esse

96 1223 296 1262 beluarum
332 1235 458 1259 mare:
489 1226 597 1259 aestu
635 1221 802 1259 secundo
846 1235 909 1259 eas
945 1221 1046 1269 ferri,
1082 1235 1308 1272 magnarum
1342 1222 1499 1260 navium

96 1304 254 1341 corpora
290 1295 520 1340 aequantes:
559 1290 656 1327 truci
690 1294 804 1327 cantu
842 1290 1045 1327 deterritas
1082 1290 1188 1340 sequi
1225 1290 1383 1328 classem
1414 1304 1500 1328 cum

97 1372 236 1410 magno
264 1358 439 1408 aequoris
467 1358 642 1408 strepitu,
672 1358 781 1396 velut
809 1358 982 1396 demersa
1008 1358 1172 1408 navigia,
1198 1359 1343 1396 subisse
1371 1372 1497 1409 aquas

97 1428 336 1478 Comperisse
365 1441 445 1464 sese
474 1440 522 1464 ex
550 1427 694 1474 incolis,
716 1428 874 1465 rubrum
893 1440 997 1465 mare
1016 1441 1094 1465 non
1114 1441 1135 1465 a
1155 1427 1278 1465 colore
1298 1427 1499 1475 undarum,

97 1502 142 1536 ut
168 1497 339 1547 plerique
368 1495 576 1542 crederent,
599 1495 665 1533 sed
684 1496 731 1533 ab
751 1495 919 1545 Erythro
938 1509 1026 1545 rege
1055 1495 1261 1545 appellari:
1291 1509 1371 1534 esse
1398 1496 1501 1534 haud

97 1565 229 1617 procul
248 1579 270 1603 a
297 1564 509 1602 continenti
537 1563 701 1601 insulam
728 1564 864 1613 palmis
892 1563 1156 1613 frequentibus
1184 1564 1369 1601 consitam
1397 1568 1435 1602 et
1462 1565 1502 1601 in

97 1633 223 1672 medio
244 1633 322 1670 fere
348 1645 503 1669 nemore
524 1631 741 1669 columnam
769 1632 947 1677 eminere,
968 1631 1127 1681 Erythri
1154 1632 1253 1681 regis
1281 1645 1501 1669 monumen-

98 1706 195 1749 tum,
226 1700 348 1738 literis
380 1700 507 1750 gentis
544 1700 625 1737 eius
658 1700 848 1749 scriptam.
906 1700 1073 1750 Navigia
1104 1699 1231 1746 etiam,
1270 1713 1367 1749 quae
1403 1700 1501 1738 lixas

97 1774 402 1819 mercatoresque
430 1768 638 1814 vexissent,
661 1768 803 1806 famam
831 1768 913 1806 auri
942 1769 1080 1806 secutis
1107 1768 1439 1818 gubernatoribus,
1460 1769 1500 1806 in

99 1838 264 1876 insulam
284 1850 364 1875 esse
379 1837 604 1875 transmissa
618 1849 687 1874 nec
703 1836 842 1874 deinde
855 1841 987 1886 postea
1001 1836 1093 1875 visa.
1151 1837 1236 1874 Rex
1251 1837 1501 1886 cognoscendi

98 1906 209 1957 plura
237 1905 414 1956 cupidine
444 1918 630 1951 accensus,
661 1917 790 1941 rursus
819 1917 882 1942 eos
915 1909 1056 1942 terram
1084 1904 1207 1954 legere
1235 1904 1352 1951 iubet,
1383 1905 1502 1943 donec

100 1975 148 2013 ad
185 1973 394 2024 Euphratis
435 1973 533 2011 ostia
569 1973 807 2023 appellerent
843 1972 1012 2018 classem,
1051 1972 1139 2010 inde
1185 1972 1345 2010 adverso
1391 1985 1501 2011 amne

100 2042 300 2092 Babylona
320 2041 456 2079 subire.

508 2166 875 2214 Plansforfurtlcer
897 2167 1082 2213 Conquest.

153 2250 396 2300 27l.—Ipse
415 2249 543 2287 animo
562 2249 714 2286 infinita
728 2248 948 2299 complexus
967 2248 1112 2295 statuit,
1131 2248 1235 2286 omni
1250 2248 1297 2287 ad
1317 2248 1503 2287 orientem

100 2319 294 2358 maritima
311 2318 465 2369 regione
491 2317 718 2368 perdomita,
739 2330 787 2355 ex
808 2316 918 2367 Syria
935 2321 1064 2367 petere
1084 2316 1253 2356 Africam
1281 2316 1504 2367 Carthagini
