1559 2463
58 56 159 82 PART
179 43 238 95 IL]
436 46 653 82 HISTOR
668 45 703 80 Y
729 46 804 81 OF
829 45 1076 81 GREECE.
1411 55 1454 91 57

55 152 232 190 Piraeum
264 156 390 201 portu,
424 151 569 189 civibus
606 151 797 201 persuasit
833 156 877 188 ut
909 155 948 188 et
985 151 1078 188 alias
1111 164 1228 187 naves
1262 151 1457 188 mercandi

56 234 185 258 caussa
214 226 486 270 compararent.
545 220 719 258 Docebat
748 220 864 257 etiam
894 224 1057 268 quantas
1086 232 1176 268 opes
1207 219 1332 264 Iones,
1366 231 1459 268 gens

56 288 188 326 eadem
217 301 292 337 qua
319 288 391 338 ipsi
420 288 677 325 Athenienses
705 287 824 337 stirpe
854 287 1028 333 oriunda,
1057 287 1219 324 assecuti
1248 291 1398 324 essent:
1429 287 1460 324 si

56 369 122 394 suo
160 357 319 394 consilio
364 356 422 393 uti
459 356 613 402 vellent,
652 355 828 392 Athenas
874 354 1031 403 reliquis
1069 354 1251 391 Graeciae
1298 353 1458 391 urbibus

54 425 278 462 antecellere
307 437 424 474 posse.
485 423 596 471 Quod
626 424 826 461 consilium
860 423 1006 460 civibus
1034 422 1129 460 utile
1160 422 1286 459 visum
1317 427 1385 467 est,
1420 426 1459 459 et

53 493 155 530 intra
174 492 305 530 decem
325 505 444 530 annos
465 492 594 529 classis
616 492 916 530 Atheniensium
936 491 1204 541 potentissima
1222 490 1307 527 fuit.

656 660 690 695 A
698 659 853 695 ristides.

109 749 367 789 lla—Inter
404 749 606 798 optimates
655 749 904 787 Themistocli
941 749 1143 798 praecipue
1181 748 1457 785 adversabatur

53 817 256 863 Aristides,
290 818 425 855 Persas
454 823 556 855 terra
583 817 705 855 victos
733 818 874 855 iterum
894 822 997 854 terra
1016 817 1117 854 vinci
1145 830 1255 866 posse
1276 817 1451 854 fremens.

53 886 126 933 Qui
160 886 207 924 ad
245 886 478 924 Marathona
509 887 785 937 pugnavissent
819 900 882 924 eos
915 885 1072 935 praedia
1111 886 1295 931 obtinere,
1330 899 1453 935 neque

50 968 219 1004 unquam
247 955 392 1004 patriae
421 955 638 1004 veterisque
667 955 890 1005 disciplinae
918 955 1001 992 fore
1035 955 1285 992 immemores.
1344 954 1454 992 Com-

49 1029 182 1072 parata
210 1023 327 1061 classe
356 1025 484 1062 nautis
513 1038 607 1074 opus
639 1025 733 1071 fore,
765 1024 831 1075 qui
863 1024 1021 1074 praedia
1053 1024 1170 1070 nulla,
1204 1023 1329 1061 nullas
1363 1037 1453 1072 opes

49 1092 276 1130 obtinerent.
335 1092 448 1139 Quod
485 1093 516 1130 si
553 1094 811 1131 Athenienses
849 1093 966 1130 classe
995 1092 1238 1142 potissimum
1268 1092 1453 1138 valerent,

48 1161 252 1210 imperium
288 1175 404 1211 penes
442 1175 505 1199 eos
541 1162 621 1199 fore
660 1162 725 1212 qui
763 1163 800 1199 in
840 1162 1003 1200 navibus
1037 1161 1229 1211 stipendia
1261 1161 1450 1199 fecissent.

48 1228 210 1266 Mutatis
229 1229 389 1278 legibus,
410 1234 560 1267 mutata
578 1230 680 1267 vitae
699 1230 860 1275 ratione,
881 1230 1056 1267 futurum
1077 1243 1156 1267 esse
1176 1234 1220 1266 ut
1239 1230 1331 1267 novi
1351 1230 1452 1267 cives

46 1297 159 1335 rebus
171 1298 361 1335 novandis
374 1298 565 1336 studeant.
606 1298 774 1348 Ecquem
789 1312 899 1348 posse
913 1298 1090 1337 dubitare
1103 1299 1196 1348 quin
1208 1298 1299 1336 boni
1314 1311 1451 1345 mores,

46 1366 216 1404 Deorum
253 1367 526 1404 immortalium
574 1380 673 1413 cura,
711 1368 918 1417 pristinum
954 1367 1114 1405 militiae
1161 1367 1287 1414 decus,
1325 1372 1453 1405 essent

46 1434 249 1472 interitura
268 1435 299 1472 si
327 1440 407 1472 tam
426 1448 545 1485 pravo
575 1435 732 1473 consilio
762 1435 975 1485 parendum
995 1437 1122 1473 esset2
1179 1435 1284 1473 Haec
1313 1440 1351 1472 et
1371 1435 1450 1472 eius

46 1502 149 1539 modi
186 1503 260 1540 alia
297 1503 542 1541 concionatus
589 1509 777 1554 quantum
823 1504 951 1553 potuit
996 1503 1247 1541 Themistocli
1293 1504 1448 1541 restitit.

45 1570 181 1619 Itaque
211 1584 295 1608 cum
324 1576 525 1620 appareret
552 1571 634 1609 fore
663 1577 706 1609 ut
734 1572 872 1610 seditio
901 1572 1086 1609 intestina
1114 1572 1389 1618 exardesceret,
1411 1572 1451 1609 ni

46 1638 306 1676 simultatibus
339 1640 475 1677 modus
513 1641 716 1690 impositus
753 1646 864 1686 esset,
900 1641 947 1678 ad
976 1641 1161 1690 populum
1190 1646 1448 1690 provocatur:

44 1707 215 1745 Aristide
234 1708 273 1745 in
294 1708 470 1746 exsilium
490 1709 594 1746 abire
615 1709 716 1747 iusso
737 1709 986 1747 Themistocli
1016 1723 1083 1747 sua
1112 1709 1270 1747 consilia
1291 1710 1448 1758 exsequi

45 1775 160 1813 licuit.

344 1878 420 1913 lee
444 1879 482 1914 T
476 1879 568 1914 lez'rd
582 1879 809 1925 Expedz'lz'ozz
831 1881 983 1926 against
1006 1881 1146 1916 Graece.

99 1968 413 2007 12o.—-Mortuo
442 1968 570 2015 Dario,
593 1969 740 2007 Xerxes
761 1970 826 2020 qui
846 1971 885 2007 in
904 1983 1066 2020 regnum
1086 1972 1277 2018 successit,
1297 1972 1446 2022 magnis

43 2036 159 2085 copiis
180 2037 403 2086 conscriptis
416 2037 560 2075 bellum
573 2038 728 2076 Graecis
744 2039 884 2077 inferre
906 2040 1050 2077 statuit.
1093 2040 1229 2090 Neque
1246 2041 1446 2079 immemor

41 2118 132 2154 quas
153 2110 390 2155 quantasque
405 2105 530 2144 clades
544 2107 779 2157 accepissent
792 2108 981 2146 exercitus
996 2109 1129 2158 patris,
1146 2109 1443 2159 Hellespontum

39 2178 155 2221 ponte
169 2174 308 2220 iunxit,
330 2187 488 2224 magnos
510 2182 744 2214 commeatus
764 2178 1012 2226 comparavit,
1034 2190 1102 2226 per
1117 2184 1288 2215 montem
1307 2179 1443 2216 Athon

39 2241 207 2279 canalem
237 2243 496 2281 effodiendum
529 2245 686 2291 curavit,
722 2258 769 2282 ne
802 2246 943 2282 iterum
975 2246 1103 2284 classis
1132 2247 1333 2284 circuitum
1361 2254 1441 2285 tam

37 2310 290 2359 periculosum
309 2312 432 2350 facere
452 2319 657 2363 cogeretur.
717 2313 821 2360 Quae
850 2328 936 2352 cum
963 2315 1065 2353 facta
1093 2321 1231 2362 essent,
1262 2316 1379 2365 copiis
1399 2322 1443 2354 ut
