1559 2463
64 53 166 79 PART
187 40 245 93 11.]
444 43 661 79 HISTOR
675 42 711 77 Y
735 42 811 79 OF
835 42 1085 80 GREECE.
1416 53 1460 91 55

62 154 141 186 tam
161 149 339 187 Miletum
369 162 527 199 magnae
557 149 758 187 Persarum
786 149 914 199 copiae
944 149 1239 198 Hellespontum
1259 149 1463 187 Mardonio

63 218 157 255 duce
176 218 242 255 ubi
260 218 504 263 traiecerunt,
526 217 564 254 in
585 217 784 255 Graeciam
812 217 1061 264 contendunt,
1084 218 1286 267 praefectis
1309 218 1465 255 navium

62 286 215 336 negotio
235 286 326 324 dato
347 291 389 323 ut
408 286 516 323 iuxta
532 285 623 323 litus
643 286 840 335 pedestres
853 286 978 335 copias
998 286 1282 323 comitarentur.
1330 286 1465 334 Neque

62 367 106 391 ea
133 367 191 390 res
220 367 397 404 prospere
428 354 566 400 evenit,
598 353 726 391 classis
759 354 861 391 enim
895 359 1025 391 coorta
1056 358 1285 403 tempestate
1313 357 1465 390 tantum

63 422 285 460 detrimenti
304 422 449 471 accepit
467 426 511 459 ut
530 422 578 459 ab
598 422 749 471 incepto
770 421 954 460 desistere
974 426 1181 471 cogeretur.
1240 421 1466 459 Mardonius

62 491 179 528 etiam
197 504 264 540 per
283 496 432 529 montes
452 503 539 528 suos
568 490 705 528 ducere
733 495 891 528 conatus
919 491 1067 540 impetu
1086 504 1108 528 a
1133 490 1345 528 Thracibus
1365 490 1466 527 facto

63 572 275 609 magnaque
313 560 417 597 clade
454 564 618 609 accepta,
658 560 797 597 certior
828 573 977 598 necnon
1014 559 1138 597 factus
1175 559 1267 609 quid
1305 559 1466 597 navibus

63 628 272 675 accidisset,
294 629 503 666 exercitum
523 629 561 665 in
582 629 715 666 Asiam
735 628 915 667 reducere
936 629 1144 667 constituit.

365 804 403 839 T
397 803 440 839 [ιε
459 804 597 841 Second
612 803 840 851 Expeditz'on
860 804 1012 851 against
1033 804 1168 841 Greece.

120 894 448 934 115.—Ceterum
468 900 620 933 tantum
641 895 766 933 abfuit
790 900 834 932 ut
854 896 993 932 Darius
1019 895 1171 945 incepto
1191 895 1402 940 desisteret,
1425 899 1469 932 ut

63 964 172 1001 novis
201 964 318 1012 copiis
347 964 581 1013 conscriptis,
609 964 753 1014 legatos
782 964 830 1002 ad
858 964 1002 1002 insulas
1030 965 1203 1002 mitteret
1231 965 1296 1014 qui
1326 970 1468 1002 terram

65 1045 276 1081 aquamque
314 1037 574 1081 exposcerent,
609 1046 685 1082 qua
720 1046 760 1070 re
798 1046 836 1070 se
870 1033 996 1070 Persis
1028 1046 1161 1083 parere
1199 1033 1466 1083 significarent.

66 1101 181 1139 Haud
200 1101 255 1138 ita
274 1101 395 1138 multo
416 1106 502 1150 post
521 1101 620 1151 regis
641 1102 770 1151 copiae
790 1102 963 1152 Aegeum
987 1115 1089 1140 mare
1109 1107 1359 1149 transmotae,
1383 1116 1468 1140 cum

64 1169 112 1207 de
131 1169 414 1207 Eretriensibus
442 1183 583 1219 poenas
612 1170 873 1219 sumpsissent,
899 1171 939 1208 in
968 1171 1059 1208 litus
1086 1170 1135 1208 acl
1163 1171 1406 1217 Marathona,
1428 1170 1468 1208 id

63 1251 201 1276 nomen
235 1243 316 1276 erat
353 1239 448 1285 vico,
479 1239 740 1277 escenderunt.
798 1240 897 1277 Tum
934 1240 1191 1278 Athenienses
1228 1253 1313 1277 cum
1350 1253 1469 1289 parva

62 1320 178 1344 manu
206 1307 502 1354 Plataeensium,
524 1308 703 1346 Miltiade
732 1308 839 1354 duce,
870 1309 909 1345 in
937 1309 1073 1346 Persas
1104 1309 1291 1358 impetum
1310 1308 1465 1346 faciunt.

64 1375 199 1424 Neque
227 1376 463 1413 irruentibus
490 1376 739 1414 vehementer
766 1377 1039 1415 resistebatur:
1069 1377 1146 1414 fusi
1174 1377 1312 1415 Persae
1332 1377 1469 1427 fugati-

63 1458 137 1494 que
165 1449 263 1482 sunt.
328 1444 391 1481 Fit
419 1448 564 1494 strages
593 1445 837 1495 fugientium,
867 1458 1029 1495 quorum
1058 1445 1107 1483 ad
1135 1458 1202 1482 sex
1230 1445 1336 1482 milia
1355 1445 1470 1482 inter-

63 1514 182 1551 fectos
202 1526 281 1550 esse
301 1513 393 1550 satis
413 1518 572 1559 constat,
595 1514 769 1563 quamvis
796 1513 1054 1551 Athenienses
1074 1514 1121 1551 ad
1150 1513 1335 1551 ducentos
1354 1513 1469 1551 modo

64 1581 266 1619 amiserint.
318 1581 454 1630 Itaque
467 1581 722 1619 Athenienses
742 1582 961 1620 libertatem
980 1582 1161 1620 Graeciae
1180 1582 1465 1631 praestiterunt.

65 1651 200 1700 Neque
229 1650 346 1687 dubia
374 1664 432 1688 res
458 1655 515 1688 est
544 1651 636 1700 quin
664 1651 736 1688 hoc
764 1651 951 1700 proelium
982 1651 1257 1700 impedimento
1287 1651 1402 1688 fuerit
1421 1663 1469 1688 ne

65 1723 147 1756 tota
170 1718 323 1767 Europa
350 1732 465 1767 penes
485 1718 675 1756 Asiaticos
695 1719 824 1757 fieret:
855 1719 957 1769 quod
978 1720 1008 1756 si
1028 1719 1174 1765 fuisset,
1195 1718 1299 1756 haud
1326 1719 1401 1756 scio
1421 1732 1469 1756 an

63 1788 177 1826 hodie
198 1789 297 1825 servi
317 1788 546 1838 barbarique
566 1789 691 1826 simus.

537 1949 576 1984 T
570 1948 613 1984 lle
631 1949 727 1984 End
742 1948 786 1995 of
799 1948 1005 1985 Asilfiades.

122 2037 467 2078 lla—Miltiades
493 2042 621 2075 autem
641 2038 708 2088 qui
727 2039 892 2087 patriam
913 2052 1019 2076 suam
1040 2042 1119 2076 tam
1139 2037 1330 2088 praeclare
1351 2050 1471 2077 serva·

69 2111 176 2144 verat
212 2106 466 2144 miserrimum
502 2107 606 2144 vitae
653 2108 799 2145 exitum
837 2108 983 2146 habuit.
1058 2108 1160 2145 Nam
1199 2121 1284 2145 cum
1322 2108 1471 2145 tamdiu

65 2188 222 2224 peregre
259 2175 430 2222 vixisset,
471 2175 675 2224 tyrannide
712 2175 813 2213 idem
850 2176 996 2225 potitus
1042 2181 1151 2222 esset,
1191 2176 1323 2214 eadem
1368 2176 1471 2214 vitae

66 2244 214 2282 ratione
257 2244 422 2281 Athenis
467 2245 525 2282 uti
571 2245 789 2282 conabatur.
860 2245 996 2294 Itaque
1043 2244 1165 2281 Pariis
1211 2245 1259 2282 ob
1305 2244 1471 2293 aliquam

68 2326 240 2350 caussam
295 2313 478 2360 infensus,
522 2327 607 2351 cum
645 2314 791 2351 civibus
846 2313 1097 2363 persuasisset
1137 2318 1180 2350 ut
1225 2313 1334 2350 classi
1371 2326 1472 2362 prae-
