1559 2463
69 50 250 102 PART11.]
439 51 707 87 HISTORY
731 51 806 88 OF
831 50 1079 87 GREECE.
1420 60 1461 96 71

67 159 196 208 inopia
214 158 441 197 cibariorum
468 158 508 195 in
536 157 772 195 deditionem
791 157 921 194 venire
951 161 1176 206 cogerentur
1199 157 1318 194 donec
1339 157 1467 194 classis

67 231 279 276 superesset
295 243 301 264 :
329 227 566 264 frumentum
586 226 687 263 enim
706 238 861 275 peregre
881 230 1052 273 emptum
1072 229 1111 262 et
1130 225 1291 263 navibus
1311 225 1467 262 domum

67 299 261 345 portatum
280 308 327 332 ex
346 300 460 344 portu
487 295 526 331 in
555 294 688 331 urbem
715 293 848 331 inferri
876 306 993 343 posse.
1054 293 1234 331 Ceterum
1258 293 1467 342 Spartanos

67 364 396 413 Atheniensesque
432 362 630 412 pugnandi
675 362 829 400 taedere
866 362 1015 411 coepit3
1061 362 1235 399 induciae
1273 362 1392 411 igitur
1428 362 1467 398 in

67 432 368 481 quinquennium
384 432 505 469 factae
519 435 620 468 sunt.
650 431 732 468 Iam
745 431 839 468 adeo
855 435 1052 468 creverant
1066 430 1361 468 Atheniensium
1378 443 1468 479 opes

67 504 106 537 et
124 500 306 549 potentia,
327 504 370 536 ut
389 500 485 536 nihil
504 500 689 537 infectum
708 512 788 537 esse
807 499 1013 545 videretur,
1035 498 1173 548 quibus
1198 503 1349 548 praesto
1370 504 1468 536 esset

68 570 218 608 infinita
245 570 302 607 vis
330 570 496 615 navium,
527 582 666 619 inagna
693 569 806 606 simul
840 569 941 618 apud
970 569 1089 606 socios
1119 570 1335 616 auctoritas,
1363 569 1467 606 domi

68 639 285 687 compositis
300 639 423 684 rebus,
439 638 533 675 urbe
547 651 694 675 necnon
709 637 859 687 egregie
875 638 1024 674 munita
1039 642 1077 675 et
1093 637 1284 686 quoslibet
1298 637 1467 674 hostium

68 706 231 755 impetus
251 711 521 744 sustentatura.

539 843 576 877 T
570 842 613 877 lte
637 842 741 877 Tum
761 841 806 888 of
816 841 874 877 llze
898 842 994 878 Tide.

121 925 371 963 147.—Mox
403 929 532 962 autem
561 925 766 973 optimates
800 938 894 974 quos
928 937 975 962 ex
1004 925 1162 962 urbibus
1194 925 1375 963 Boeotiae
1409 939 1469 963 ex-

66 993 242 1042 pulerant
270 993 538 1039 Athenienses,
566 993 714 1042 magnis
744 993 861 1042 copiis
889 993 1113 1042 conscriptis
1142 993 1300 1043 imperio
1329 994 1468 1030 iterum

66 1062 180 1110 potiti
220 1061 477 1099 Athenienses
523 1066 696 1098 conserta
733 1061 780 1098 ad
827 1061 1041 1099 Coroneam
1087 1062 1165 1099 acie
1203 1062 1466 1111 profligarunt.

67 1130 201 1179 Neque
222 1130 261 1166 in
287 1130 407 1167 officio
436 1130 643 1167 manebant
670 1130 916 1179 Megarenses
942 1135 980 1167 et
1008 1130 1231 1180 Aeginetae,
1253 1131 1318 1179 qui
1338 1130 1469 1180 iugum

66 1199 306 1248 peregrinum
340 1199 545 1248 aegerrime
578 1200 753 1245 ferentes,
784 1199 1045 1236 coniuratione
1078 1200 1180 1236 facta
1212 1199 1465 1237 desciverunt.

66 1268 116 1304 Et
153 1267 223 1304 sub
261 1267 363 1304 idem
400 1272 551 1317 tempus
589 1281 673 1305 cum
711 1267 894 1305 exiissent
926 1267 1109 1314 indutiae,
1143 1281 1165 1305 a
1198 1268 1396 1317 Spartanis
1429 1269 1467 1305 in

66 1336 217 1374 Atticae
246 1337 339 1374 fines
367 1337 411 1373 fit
439 1337 617 1386 impetus.
675 1336 758 1384 Quo
786 1337 826 1374 in
854 1336 1072 1374 discrimine
1101 1337 1266 1374 Pericles
1294 1337 1469 1375 Athenas

66 1405 243 1449 servavit,
265 1405 330 1453 qui
360 1405 520 1454 pecunia
548 1405 736 1455 corruptis
764 1405 924 1442 ducibus
944 1405 1111 1442 hostium
1131 1405 1320 1454 persuasit
1348 1410 1391 1442 ut
1421 1419 1468 1442 ex

66 1474 197 1510 Attica
224 1473 456 1519 recederent,
476 1487 566 1523 pace
586 1474 625 1511 in
655 1474 815 1523 triginta
843 1487 962 1511 annos
991 1473 1093 1510 facta
1121 1487 1164 1510 ea
1184 1473 1404 1511 condicione
1426 1479 1469 1511 ut

65 1542 321 1579 Athenienses
340 1542 499 1580 Boeotia
519 1543 750 1592 reliquisque
770 1543 810 1580 in
830 1542 1043 1580 continenti
1072 1542 1292 1579 civitatibus
1312 1543 1468 1580 omnino

66 1610 309 1647 abstinerent.
369 1610 430 1647 Ita
460 1612 587 1648 evenit
616 1617 661 1649 ut
689 1612 729 1648 in
757 1616 953 1660 posterum
982 1610 1238 1648 Athenienses
1276 1611 1468 1648 maritima

66 1683 217 1716 tantum
233 1683 424 1728 potestate
440 1679 666 1726 fruerentur,
684 1693 768 1717 cum
785 1680 874 1717 socii
890 1679 984 1716 nulli
1000 1679 1072 1716 nisi
1092 1679 1237 1717 incolae
1256 1679 1467 1716 insularum

66 1747 105 1783 in
134 1747 254 1784 officio
273 1760 426 1784 manere
446 1748 598 1785 vellent.
658 1748 736 1786 Sub
760 1748 861 1786 idem
890 1752 1042 1797 tempus
1070 1747 1222 1785 Persico
1252 1747 1352 1785 bello
1381 1748 1468 1784 finis

65 1815 266 1864 impositus
287 1821 352 1853 est.

381 1954 570 1990 Outbreale
588 1954 634 1999 of
645 1955 704 1990 tlte
723 1954 1013 2002 Peloponnesian
1045 1956 1146 1991 War.

121 2044 460 2094 148.—Spartani
493 2050 632 2091 autem,
667 2045 791 2095 prisca
827 2046 1016 2083 maiorum
1054 2045 1258 2095 disciplina
1295 2051 1334 2083 et
1371 2045 1467 2083 duro

65 2114 170 2150 victu
198 2127 347 2162 semper
374 2114 442 2159 usi,
466 2113 632 2150 Athenis
660 2114 771 2151 valde
800 2114 1036 2151 invidebant.
1095 2115 1145 2151 Et
1165 2118 1314 2152 veteres
1340 2115 1467 2151 simul-

65 2187 163 2219 tates
194 2187 236 2218 ut
266 2181 502 2231 aliquamdiu
533 2182 718 2228 latebant,
742 2183 796 2219 ita
824 2183 981 2219 minime
1013 2183 1226 2219 exstinctae
1255 2195 1334 2219 esse
1365 2182 1468 2219 vide-

64 2250 214 2287 bantur.
273 2249 486 2287 Corinthiis
506 2250 664 2287 tandem
694 2250 836 2287 bellum
857 2251 1114 2288 inferentibus
1143 2250 1376 2299 Corcyraeis,
1407 2251 1467 2287 his

67 2318 336 2365 Athenienses,
377 2318 452 2356 illis
499 2318 677 2368 Spartani
715 2320 844 2368 copias
881 2320 1051 2357 subsidio
1097 2320 1293 2356 miserunt.
1369 2319 1468 2357 Cum
