1559 2463
91 98 115 129 4
315 82 552 119 SECOND
580 81 652 117 LA
663 81 772 117 TIN
790 80 1067 118 READJNG
1096 82 1264 118 BOOK.
1324 79 1444 131 [PART
1466 92 1489 117 1.

90 191 337 240 quaerebant.
375 189 511 238 Itaque
532 187 731 233 Fuffetius,
745 186 825 224 dux
844 186 1093 233 Albanorum,
1116 186 1298 225 Veientes
1314 188 1495 225 adversus

90 260 284 297 Romanos
316 257 535 295 concitavit.
591 255 742 293 Deinde
770 260 946 293 conserto
974 255 1119 305 proelio
1152 268 1236 293 cum
1266 269 1287 294 a
1314 256 1427 293 Tullo
1455 256 1494 293 in

90 327 276 365 auxilium
303 326 506 363 arcessitus
536 329 645 370 esset,
676 337 763 361 suos
791 324 831 360 in
860 323 998 361 collem
1026 323 1196 361 vicinum
1226 323 1422 370 subduxit,
1451 327 1495 360 ut

90 401 232 435 eventu
259 395 394 445 proelii
424 397 621 444 perspecto
652 392 790 430 victori
821 392 1081 429 auxiliaretur.
1140 391 1252 438 Quod
1281 392 1348 429 ubi
1378 392 1494 429 anim-

91 466 258 504 advertit
286 465 421 502 Tullus
450 464 551 501 clara
569 475 660 500 voce
690 461 920 500 exclamavit
943 461 1028 498 ideo
1057 461 1098 498 in
1126 461 1261 499 collem
1290 474 1378 498 suos
1406 462 1491 499 sub-

91 535 244 573 duxisse
264 533 470 570 Fuffetium
500 544 574 580 quo
594 531 743 568 facilius
772 530 903 567 hostes
931 542 953 566 a
980 534 1088 579 tergo
1117 529 1490 567 circumvenirentur.

92 604 239 651 Quibus
259 602 372 639 dictis
392 600 607 638 confirmati
627 599 791 637 Romani
810 598 939 636 hostes
958 598 1201 647 fugaverunt.
1259 597 1419 635 Postero
1433 597 1495 635 die

92 671 279 709 Fuffetius
308 683 393 707 cum
422 669 470 707 ad
499 681 627 718 regem
656 666 874 717 gratulandi
903 678 1035 703 caussa
1062 666 1231 703 venisset
1259 666 1363 703 iussu
1393 665 1495 702 illius

93 739 390 789 comprehensus
423 742 490 775 est.
549 736 647 774 Tum
682 735 878 785 quadrigis
914 734 1120 783 religatum
1153 734 1192 771 in
1226 734 1376 771 diversa
1408 734 1495 783 equi

94 810 366 847 distraxerunt.
410 806 492 853 Quo
512 806 614 843 facto
633 818 701 842 rex
716 804 896 854 perfidiae
912 803 1154 840 Albanorum
1169 803 1325 840 minime
1341 803 1496 852 ignarus

93 877 233 914 Albam
253 875 353 912 dirui
372 875 494 920 iussit,
517 874 619 910 cives
639 873 802 910 Romam
821 871 1140 920 transportandos
1161 871 1319 908 curavit.

617 1045 652 1080 A
660 1056 745 1079 mus
764 1044 947 1079 Mzrtius.

148 1165 342 1205 7.—Post
374 1163 476 1199 hunc
509 1161 640 1198 Ancus
673 1159 850 1205 Martius,
885 1159 1036 1196 Numae
1069 1171 1118 1196 ex
1148 1158 1227 1195 filia
1259 1170 1390 1207 nepos,
1422 1170 1499 1194 sus-

95 1236 196 1285 cepit
215 1232 429 1283 imperium.
489 1230 635 1268 Contra
654 1229 814 1266 Latinos
834 1228 1044 1274 dimicavit,
1067 1227 1307 1265 Aventinum
1327 1231 1499 1264 montem

96 1304 245 1342 civitati
283 1301 424 1339 adiecit
463 1304 502 1337 et
538 1297 764 1343 Ianiculum,
796 1296 898 1345 apud
937 1297 1077 1333 ostium
1116 1296 1265 1333 Tiberis
1301 1296 1498 1332 civitatem

97 1372 281 1410 condidit.

594 1492 824 1539 Tarquinius
843 1491 1006 1526 Priscus.

152 1594 403 1638 8.——Deinde
416 1605 577 1642 regnum
593 1590 745 1627 Priscus
761 1589 993 1638 Tarquinius
1006 1589 1160 1637 accepit.
1210 1588 1283 1625 Hic
1299 1600 1501 1625 numerum

98 1671 318 1705 senatorum
337 1661 560 1711 duplicavit,
583 1659 724 1696 circum
753 1658 898 1695 Romae
918 1657 1146 1702 aedificavit,
1168 1656 1278 1693 ludos
1306 1656 1501 1693 Romanos

98 1734 279 1773 instituit.
355 1731 465 1768 Idem
502 1728 614 1766 victis
648 1726 800 1764 Sabinis
833 1738 911 1762 non
944 1737 1079 1773 parum
1112 1737 1288 1774 agrorum
1316 1724 1501 1761 Romanis

100 1803 240 1841 finibus
268 1799 420 1845 adiecit,
449 1797 671 1847 primusque
699 1793 944 1843 triumphans
971 1792 1107 1830 urbem
1138 1792 1309 1829 intravit.
1368 1792 1502 1829 Muros

100 1871 217 1910 etiam
245 1868 336 1906 fecit
363 1871 402 1905 et
421 1865 578 1903 cloacas.
634 1862 848 1912 Trigesimo
879 1865 1015 1898 octavo
1035 1860 1186 1909 imperii
1214 1874 1315 1898 anno
1335 1861 1382 1898 ab
1402 1861 1502 1898 Anci

102 1939 189 1977 filiis
209 1937 352 1975 occisus
372 1939 441 1980 est,
462 1932 561 1982 regis
581 1931 674 1976 eius,
696 1930 755 1967 cui
775 1930 855 1978 ipse
876 1932 1117 1966 successerat.

635 2097 786 2134 Servius
813 2095 965 2131 Dtllz'us.

156 2204 348 2246 9.—Post
370 2202 473 2238 hunc
493 2198 647 2236 Servius
676 2195 825 2233 Tullius
845 2194 1011 2243 suscepit
1038 2193 1253 2243 imperium,
1273 2194 1426 2243 genitus
1454 2207 1503 2231 ex

104 2275 224 2314 nobili
251 2272 404 2316 femina,
437 2268 590 2318 captiva
616 2270 747 2303 tamen
775 2268 814 2301 et
841 2262 986 2300 ancilla.
1059 2262 1133 2299 Hic
1162 2275 1311 2311 quoque
1341 2262 1503 2300 Sabinos

105 2343 267 2392 subegit,
297 2343 447 2378 montes
475 2342 566 2382 tres,
597 2333 835 2382 Quirinalem
868 2331 1101 2368 viminalem
1135 2331 1386 2380 Esquilinum,
1416 2331 1502 2368 urbi
