1559 2463
58 48 161 73 PART
184 36 226 86 L]
472 36 692 73 HISTOR
708 36 740 71 Y
767 37 842 85 OF
862 36 1041 72 ROME.
1409 47 1455 83 45

56 147 105 184 ad
118 148 313 197 Thapsum
325 147 469 196 proelio
486 147 740 196 Pompeianos
760 147 911 184 devicit.
962 147 1058 183 Inde
1075 147 1114 183 in
1136 146 1362 196 Hispaniam
1375 161 1458 184 con-

57 216 214 254 tendere
242 221 392 254 coactus
421 220 487 253 est.
546 216 605 253 Ibi
640 216 687 253 de
724 215 812 252 filiis
848 215 1008 264 Pompei
1045 216 1111 265 qui
1148 229 1303 265 magnas
1333 216 1458 265 copias

56 284 358 333 conscripserant
376 284 577 322 victoriam
596 283 697 333 apud
719 284 909 321 Mundam
928 284 1151 333 reportavit.

556 428 696 464 Caesar
713 439 756 463 as
775 428 960 464 Diclator.

108 511 377 550 96.—Pacato
397 510 561 560 denique
590 511 680 548 orbe
708 515 897 547 terrarum
925 509 1065 547 Caesar
1090 509 1137 547 ad
1168 510 1302 547 urbem
1330 510 1455 548 rediit.

56 579 155 616 Eum
174 584 301 628 patres
329 579 556 616 dictatorem
584 584 753 616 creatum
782 578 939 615 summis
968 577 1178 615 honoribus
1205 577 1456 616 cumulavere.

56 647 196 685 Caesar
222 652 352 684 autem
379 660 447 684 rex
475 647 556 684 fieri
585 647 740 696 cupiens
768 647 882 684 rebus
910 645 1098 683 novandis
1128 645 1292 692 studere,
1323 659 1409 683 cum
1438 660 1459 683 a

54 717 227 765 patribus
245 729 327 753 rem
346 716 502 753 minime
523 715 783 754 administrari
798 728 908 765 posse
922 715 1184 760 arbitraretur,
1201 714 1304 752 idem
1323 727 1458 763 parum

54 785 341 835 magistratibus
369 799 390 822 a
414 785 524 834 plebe
553 790 631 822 tam
661 790 839 834 corrupta
871 789 1026 833 tamque
1055 783 1181 821 venali
1211 783 1346 821 creatis
1375 796 1458 820 con-

54 854 197 891 fideret.
257 854 368 901 Quod
415 854 615 891 consilium
660 854 718 891 uti
764 858 958 902 praestare
1003 857 1142 901 posset,
1182 851 1222 888 in
1261 851 1457 889 civitatem

54 923 221 972 accipere
241 923 503 972 provinciales,
525 928 653 972 patres
673 922 826 960 nonnisi
845 935 913 971 pro
934 920 1156 958 consiliariis
1171 920 1304 957 haberi
1322 920 1454 958 voluit.

54 990 128 1028 Sed
149 991 189 1027 in
208 991 298 1028 fatis
318 996 399 1028 erat
419 996 462 1028 ut
481 991 512 1028 si
533 991 617 1040 quis
636 1004 705 1028 rex
724 990 806 1028 fieri
834 989 951 1026 vellet
970 989 1002 1026 is
1021 1001 1160 1038 magno
1179 988 1220 1025 in
1239 987 1457 1026 discrimine

55 1064 280 1097 versaretur.
339 1059 475 1108 Neque
514 1059 653 1097 Caesar
685 1059 765 1108 ipse
803 1062 956 1095 tantum
993 1057 1067 1094 sibi
1104 1057 1289 1094 honorem
1326 1057 1456 1093 statim

54 1141 228 1177 arrogare
244 1127 422 1174 audebat,
435 1141 576 1178 gnarus
590 1129 690 1165 cives
703 1127 1000 1177 Tarquiniorum
1015 1126 1189 1163 nondum
1205 1126 1343 1163 oblitos
1364 1139 1454 1162 esse.

53 1196 190 1245 Itaque
227 1197 400 1234 nondum
428 1202 620 1234 maturato
649 1210 743 1245 opus
772 1209 852 1234 esse
880 1200 997 1241 ratus,
1028 1195 1128 1232 cives
1157 1194 1230 1231 sibi
1258 1194 1457 1231 conciliare

53 1264 351 1314 memoriamque
371 1269 431 1302 tot
449 1265 748 1303 infortuniorum
767 1264 893 1302 delere
913 1263 1123 1301 constituit.

555 1403 724 1438 Mcrder
740 1401 786 1447 ef
802 1402 949 1438 Caesar.

106 1484 397 1525 97.—Interim
417 1498 501 1522 cum
520 1486 662 1522 multos
682 1485 782 1522 cives
810 1489 870 1521 tot
898 1488 1170 1533 tantarumque
1198 1484 1457 1521 mutationum

54 1554 249 1602 poenitere
278 1554 474 1602 coepisset,
495 1566 617 1602 neque
643 1553 819 1590 deessent
847 1552 912 1602 qui
941 1552 1142 1590 Caesarem
1171 1551 1351 1597 odissent,
1374 1565 1458 1590 eon-

54 1622 191 1659 iuratio
220 1621 316 1659 clam
344 1621 441 1658 inita
477 1627 545 1667 est,
576 1621 794 1658 auctoribus
832 1621 882 1657 M.
924 1620 1037 1658 Iunio
1074 1620 1205 1666 Bruto,
1246 1620 1285 1657 C.
1326 1620 1457 1658 Cassio

53 1689 236 1739 Longino.
278 1689 310 1726 Ii
325 1689 598 1738 rempublicam
610 1689 839 1726 incolumem
858 1693 1051 1737 praestare
1071 1688 1209 1725 debere
1228 1688 1313 1734 rati,
1334 1702 1457 1738 neque

55 1757 111 1795 fas
140 1771 220 1796 esse
249 1763 293 1795 ut
320 1771 418 1795 unus
455 1758 514 1795 vir
543 1758 719 1795 omnibus
757 1758 903 1795 civibus
939 1757 1188 1807 imperitaret,
1229 1757 1456 1795 dictatorem

54 1827 196 1864 strictis
232 1827 463 1877 pugionibus
501 1827 593 1864 dum
629 1827 669 1864 in
707 1827 851 1864 curiam
887 1826 961 1863 init
998 1826 1124 1864 adorti
1161 1832 1276 1864 sunt:
1304 1827 1386 1864 vita
1422 1827 1457 1864 ei

54 1896 247 1945 extemplo
276 1901 414 1945 erepta.
473 1895 759 1944 Reputantibus
788 1895 945 1944 quidem
982 1900 1126 1943 quanta
1158 1895 1274 1932 fuerit
1300 1895 1456 1942 virtute,

53 1965 202 2014 quoties
221 1965 350 2002 hostes
369 1964 515 2011 vicerit,
546 1977 659 2013 quam
687 1965 784 2002 bene
812 1964 1087 2013 rempublicam
1115 1964 1454 2011 administraverit,

53 2045 149 2081 quae
170 2032 335 2082 denique
363 2032 464 2068 inter
483 2036 542 2069 tot
561 2032 709 2069 labores
738 2031 942 2080 scripserit,
964 2044 1041 2068 non
1070 2031 1193 2069 solum
1221 2032 1455 2081 aequalibus,

53 2102 119 2139 sed
175 2102 290 2139 etiam
345 2102 522 2140 omnibus
577 2102 781 2139 cuiuslibet
831 2101 968 2138 aetatis
1016 2101 1176 2138 ducibus
1216 2102 1453 2150 praestitisse

53 2170 254 2207 videbitur.
314 2170 403 2208 Erat
433 2184 522 2208 sane
550 2170 609 2207 vir
636 2183 775 2220 magna
803 2174 841 2208 et
868 2170 1062 2219 praeclara
1089 2170 1216 2207 indole
1244 2171 1451 2220 praeditus,

54 2243 102 2285 et,
138 2239 314 2288 quamvis
350 2238 492 2288 gloriae
529 2238 691 2276 nimium
729 2243 912 2288 appetens
947 2238 1077 2284 fuerit,
1115 2239 1260 2287 patriae
1288 2240 1454 2277 multum

53 2307 209 2356 profuit.
