1559 2463
112 87 182 122 116
317 86 552 123 SECOND
580 86 767 122 LATJN
789 86 1067 124 READING
1094 87 1264 124 BOOK.
1307 85 1428 137 [PART
1447 99 1504 125 111.

442 197 688 233 Alexander's
711 198 897 233 Kindness
917 203 951 234 lo
971 210 994 233 a
1015 199 1168 234 soldier.

158 287 458 327 237.-—Postea
479 301 547 325 rex
577 288 786 326 exercitum
814 302 861 326 ex
880 288 1051 326 hibernis
1076 289 1210 335 movit,
1230 293 1274 327 ut
1300 290 1507 340 regionem,

105 369 201 406 quae
221 356 376 394 Gabaza
395 356 620 406 appellatur,
641 356 773 394 adiret.
833 357 916 404 Quo
936 357 975 394 in
1003 356 1141 394 itinere
1160 357 1279 395 nimia
1298 358 1336 395 vi
1355 359 1508 409 frigoris

103 439 223 475 paene
250 425 520 474 opprimuntur
546 425 698 471 milites,
722 438 827 474 spem
855 425 989 463 salutis
1009 426 1205 472 abiecturi,
1225 426 1265 463 ni
1293 439 1362 464 rex
1388 427 1510 465 labor-

103 499 211 532 antes
231 494 451 531 cohortatus
470 494 525 531 ita
544 494 691 531 animos
711 494 971 532 confirmasset
990 499 1034 531 ut
1052 494 1161 532 novis
1180 495 1342 544 receptis
1361 496 1507 534 viribus

103 562 141 599 in
162 563 353 600 mitiorem
372 562 566 612 regionem
595 575 633 599 se
661 562 882 611 reciperent.
942 563 992 599 Et
1010 563 1109 600 forte
1133 563 1294 601 Macedo
1313 564 1507 613 gregarius

102 631 210 668 miles
230 643 340 680 aegre
360 644 398 667 se
418 635 457 667 et
477 643 581 667 arma
595 634 814 668 sustentans
835 630 875 667 in
895 635 1017 668 castra
1035 636 1270 679 pervenerat.
1321 632 1404 678 Quo
1425 632 1506 670 viso

101 712 180 744 rex,
202 711 421 748 quanquam
441 699 521 747 ipse
540 703 623 735 tum
644 699 809 736 maxime
838 699 993 737 admoto
1012 699 1099 748 igne
1128 699 1326 737 refovebat
1348 705 1463 747 artus,
1486 714 1505 738 e

101 768 194 805 sella
230 767 385 805 exsiluit
422 771 716 816 torpentemque
753 767 916 805 militem
949 771 988 804 et
1019 768 1085 804 vix
1119 773 1334 816 compotem
1366 768 1505 805 mentis

99 835 266 885 demptis
294 835 408 873 armis
440 835 480 872 in
513 848 580 872 sua
612 835 700 873 sede
734 835 844 872 iussit
876 835 1084 873 considere.
1141 836 1211 873 Ille
1240 836 1307 873 diu
1339 849 1407 874 nec
1440 837 1514 874 ubi*

99 905 352 954 requiesceret
381 917 450 941 nec
470 917 491 940 a
510 916 585 952 quo
606 908 704 941 esset
724 908 905 953 exceptus
935 904 1100 953 agnovit.
1159 904 1332 941 Tandem
1352 909 1503 953 recepto

98 973 220 1010 calore
249 978 292 1010 ut
319 972 461 1021 regiam
481 971 610 1009 sedern
638 985 841 1022 regemque
870 971 980 1018 vidit,
1008 972 1163 1009 territus
1193 972 1323 1022 surgit.
1382 972 1502 1018 Quem

97 1042 251 1079 intuens
266 1041 499 1087 Alexander,
516 1040 663 1090 Ecquid
679 1040 872 1090 intelligis,
890 1040 1008 1086 miles
1032 1040 1167 1090 inquit,
1191 1048 1332 1090 quanto
1348 1041 1503 1079 meliore

98 1116 198 1148 sorte
228 1123 341 1159 quam
371 1110 507 1147 Persae
537 1109 606 1147 sub
635 1122 722 1159 rege
751 1109 918 1146 vivatis?
975 1109 1056 1146 Illis
1085 1110 1187 1147 enim
1216 1109 1256 1146 in
1285 1109 1378 1147 sella
1404 1109 1503 1159 regis

98 1179 312 1217 consedisse
331 1178 470 1228 capital
490 1178 599 1224 foret,
622 1178 694 1215 tibi
714 1178 827 1215 saluti
847 1178 931 1215 fuit.

636 1354 750 1389 Nofes
768 1365 814 1389 on
834 1353 957 1389 India.

149 1461 409 1502 238.—Inde
446 1459 669 1497 Alexander
700 1459 740 1496 in
778 1458 930 1496 Indiam
967 1458 1178 1505 contendit,
1216 1472 1365 1508 semper
1401 1459 1500 1497 bello

95 1544 211 1581 quam
244 1534 331 1580 post
362 1528 564 1566 victoriam
597 1527 740 1565 clarior.
813 1527 869 1564 Ea
905 1532 1008 1565 terra
1043 1527 1113 1564 lini
1149 1527 1257 1565 ferax
1293 1532 1373 1565 est:
1410 1527 1500 1565 inde

93 1600 284 1649 plerisque
313 1602 402 1636 sunt
430 1601 564 1635 vestes.
622 1596 729 1634 Libri
758 1596 947 1642 arborum,
969 1596 1091 1634 teneri
1119 1596 1223 1634 haud
1252 1609 1357 1633 secus
1383 1609 1497 1646 quam

93 1668 255 1713 chartae,
278 1667 476 1704 literarum
495 1670 605 1703 notas
626 1664 791 1714 capiunt.
848 1665 951 1701 Aves
980 1664 1027 1701 ad
1056 1664 1288 1702 imitandum
1308 1664 1496 1702 humanae

94 1736 197 1773 vocis
227 1748 364 1772 sonum
391 1733 533 1771 dociles
553 1737 652 1770 sunt.
710 1732 905 1769 Animalia
932 1733 1117 1770 inusitata
1145 1732 1279 1770 ceteris
1304 1732 1494 1781 gentibus,

92 1804 166 1841 nisi
194 1804 353 1840 invecta.
412 1801 559 1839 Eadem
578 1806 679 1838 terra
706 1801 966 1838 rhinocerotas
986 1801 1064 1847 alit,
1087 1813 1164 1838 non
1189 1805 1355 1850 generat.
1414 1800 1496 1838 Ele-

92 1873 325 1922 phantorum
356 1870 477 1908 maior
509 1874 567 1907 est
600 1870 657 1906 vis
689 1883 803 1919 quam
836 1883 931 1918 quos
964 1869 1005 1906 in
1042 1869 1174 1906 Africa
1206 1869 1420 1906 domitant:
1459 1873 1496 1905 et

91 1941 238 1979 viribus
253 1939 479 1990 magnitudo
499 1938 714 1988 respondet.
771 1938 921 1975 Aurum
948 1938 1105 1975 flumina
1124 1938 1280 1984 vehunt,
1303 1951 1399 1987 quae
1419 1937 1495 1975 leni

92 2010 320 2058 modicoque
339 2009 449 2057 lapsu
469 2020 602 2056 segnes
630 2020 747 2055 aquas
775 2006 931 2044 ducunt.
989 2006 1168 2044 Gemmas
1196 2006 1494 2055 margaritasque

91 2092 195 2116 mare
224 2078 400 2116 litoribus
428 2076 608 2113 infundit.
667 2075 827 2125 Ingenia
855 2075 1063 2121 hominum,
1094 2075 1192 2112 sicut
1218 2075 1370 2124 ubique,
1393 2074 1492 2124 apud

90 2147 177 2185 illos
211 2159 361 2196 quoque
398 2145 567 2183 locorum
601 2144 696 2181 situs
728 2144 877 2181 format.
937 2143 1107 2192 Corpora
1142 2155 1261 2191 usque
1291 2143 1339 2180 ad
1377 2142 1492 2192 pedes

90 2216 245 2252 carbaso
273 2213 413 2259 velant,
449 2213 560 2250 soleis
588 2211 714 2261 pedeS‚
746 2212 871 2260 capita
900 2211 1028 2248 linteis
1058 2211 1254 2248 vinciunt:
1291 2210 1411 2259 lapilli
1443 2223 1490 2247 ex

90 2283 245 2320 auribus
264 2281 458 2332 pendent:
487 2280 641 2318 brachia
660 2292 811 2329 quoque
832 2284 870 2317 et
898 2279 1058 2316 lacertos
1080 2292 1172 2316 auro
1193 2278 1333 2323 colunt,
1355 2278 1490 2327 quibus

88 2352 190 2388 inter
234 2349 435 2399 populares
481 2352 548 2385 aut
593 2347 773 2385 nobilitas
810 2351 877 2384 aut
914 2359 1003 2396 opes
1049 2347 1228 2384 eminent.
1300 2345 1488 2395 Capillum
