1559 2463
93 73 141 107 90
319 61 556 98 SECOND
584 61 771 97 LATJN
791 62 1070 99 READING
1097 61 1267 99 BOOK.
1308 59 1428 110 [PART
1449 72 1487 97 11.

91 185 151 209 res
165 176 273 218 esset,
289 185 475 221 opemque
488 172 745 220 implorarent.
785 172 849 209 Ad
865 185 959 221 quos
974 172 1203 210 auxiliorum
1214 171 1491 210 mittendorum

91 238 382 286 Demosthenes,
414 243 543 277 orator
570 239 874 286 facundissimus,
897 240 1084 290 imprimis
1103 243 1235 278 auctor
1252 239 1348 277 fuit:
1377 239 1491 288 Olyn-

91 307 228 345 thiacis
266 307 549 357 quamprimum
587 307 892 346 subveniendum
924 321 1028 355 esse,
1067 308 1132 358 qui
1165 308 1196 345 si
1225 308 1318 345 victi
1351 312 1490 354 essent,

92 376 188 413 nihil
216 389 344 414 morae
372 376 453 414 fore
482 376 575 426 quin
603 376 805 426 Philippus
833 377 872 413 in
900 376 1073 414 Atticam
1101 389 1187 414 suos
1206 376 1369 414 duceret.
1427 376 1491 413 An

92 445 133 482 id
152 458 328 494 passuros
346 445 604 482 Athenienses
632 450 676 482 ut
703 445 793 482 urbs
821 445 1048 483 amicissima
1075 445 1116 482 in
1135 444 1371 482 deditionem
1390 443 1493 481 hosti

92 513 222 551 venire
242 516 424 563 cogatur‘l
480 513 591 559 Quod
611 513 642 550 si
662 512 979 562 Olynthiacorum
997 526 1127 563 preces
1147 513 1389 562 sprevissent,
1411 513 1492 550 fore

93 587 137 620 ut
157 596 239 621 sero
260 583 415 620 demum
436 582 586 620 sceleris
604 582 829 631 poeniteret,
848 596 933 619 cum
953 582 1109 620 victoris
1124 583 1250 632 copias
1263 595 1330 620 sua
1344 581 1494 620 moenia

93 650 193 688 vallo
213 650 493 688 circumdantes
521 650 884 688 animadverterent.
941 651 1130 688 Pristinae
1158 655 1311 700 patrum
1339 649 1494 687 virtutis

92 731 277 756 memores
315 718 524 755 exercitum
562 718 864 755 conscriberent:
904 718 994 755 fidei
1030 718 1262 767 pietatisque
1299 717 1493 767 egregium

94 787 285 836 specimen
316 786 497 833 ederent,
531 787 657 836 palam
690 787 860 825 facerent
892 787 1065 825 nondum
1096 787 1286 824 interiisse
1314 786 1495 823 martium

94 856 203 893 illum
235 856 414 902 animum,
451 869 525 905 quo
556 860 684 905 patres
716 856 890 893 instincti
923 861 1087 894 mortem
1117 854 1293 892 dedecori
1323 858 1497 903 antepos-

94 926 252 971 uissent,
292 925 566 974 Graeciamque
595 924 799 962 Persarum
833 930 938 962 metu
975 925 1211 962 liberassent.
1270 923 1374 969 Quae
1412 935 1498 960 con-

92 995 264 1032 tionatus
283 994 457 1043 quamvis
478 993 729 1042 persuasisset
748 998 792 1030 ut
812 993 942 1042 copiae
961 993 1219 1038 mitterentur,
1241 1005 1322 1028 rem
1343 990 1496 1040 segnius

95 1063 296 1113 agentibus
329 1063 488 1108 civibus,
522 1076 590 1100 rex
628 1062 800 1111 Olyntho
834 1062 991 1111 potitus,
1025 1062 1159 1099 urbem
1193 1061 1272 1098 solo
1304 1059 1494 1109 aequavit,

96 1132 269 1169 homines
289 1132 359 1169 sub
379 1144 517 1169 corona
536 1130 721 1168 vendidit.

503 1374 704 1421 Philippus
723 1375 804 1409 and
821 1374 1090 1409 Demosthenes.

155 1504 447 1544 188.—Deleta
467 1504 639 1553 Olyntho
659 1504 833 1542 exterriti
860 1503 1117 1541 Athenienses
1139 1501 1439 1540 Demosthenem
1459 1501 1498 1538 in

100 1574 406 1623 Peloponnesum
424 1574 611 1611 miserunt
631 1573 695 1622 qui
721 1573 874 1610 doceret
893 1576 1037 1622 quanto
1066 1572 1105 1608 in
1133 1571 1300 1620 periculo
1321 1571 1499 1608 universa

100 1643 260 1681 Graecia
278 1646 502 1680 versaretur.
554 1642 592 1678 Is
612 1641 714 1691 apud
728 1641 933 1679 nonnullas
948 1654 968 1679 e
984 1640 1203 1678 civitatibus
1215 1653 1308 1689 quas
1324 1652 1415 1677 auro
1431 1652 1499 1677 rex

99 1724 339 1760 corrumpere
359 1715 560 1757 constaret,
582 1710 637 1748 ita
656 1710 773 1747 verba
792 1709 902 1747 fecit:
933 1708 1056 1758 decipi
1072 1722 1134 1746 eos
1148 1709 1178 1746 si
1198 1708 1290 1758 quid
1310 1707 1499 1746 commodi

100 1794 148 1817 ex
179 1793 266 1829 rege
299 1784 503 1828 sperarent.
565 1778 657 1816 Esse
695 1777 849 1827 quidem
883 1777 984 1827 apud
1021 1790 1085 1815 eos
1122 1777 1259 1826 quibus
1296 1775 1499 1824 Philippus

100 1862 238 1898 magna
265 1848 437 1886 mercede
466 1847 663 1897 proposita
689 1846 939 1896 persuasisset
965 1850 1009 1883 ut
1037 1846 1136 1883 cives
1164 1846 1204 1882 in
1224 1858 1331 1882 suam
1351 1849 1500 1882 senten-

102 1919 196 1955 tiam
228 1917 448 1954 traherent:
478 1917 615 1965 quibus
652 1916 683 1953 si
720 1915 946 1964 paruissent,
986 1914 1067 1951 fore
1104 1918 1147 1951 ut
1183 1927 1312 1950 rursus
1345 1912 1500 1950 servitio

102 1990 377 2036 premerentur.
446 1985 615 2034 Ecquem
644 1984 739 2021 adeo
767 1983 874 2033 regni
902 1995 1109 2033 regumque
1138 1987 1331 2020 amantem
1357 1994 1437 2018 esse
1456 1984 1501 2017 ut

101 2067 170 2103 pro
190 2054 354 2103 regibus,
375 2066 492 2102 pravo
522 2052 768 2101 magistratus
796 2064 946 2101 genere,
967 2050 1069 2100 quod
1098 2050 1259 2087 maiores
1287 2048 1500 2098 antiquitus

102 2123 345 2172 sprevissent,
376 2135 505 2171 regem
533 2121 699 2159 alienum
726 2121 867 2158 habere
887 2119 1027 2157 vellet?
1086 2118 1335 2156 Simultatum
1364 2117 1503 2154 discor-

102 2191 327 2241 diarumque
353 2191 691 2236 obliviscerentur3
729 2203 833 2227 arma
861 2189 1042 2226 adversus
1071 2200 1310 2225 communem
1338 2186 1498 2231 hostem,

103 2264 288 2309 tanquam
334 2272 574 2296 communem
619 2263 766 2307 pestem
811 2261 1015 2303 sumerent,
1063 2255 1326 2303 libertatisque
1373 2253 1444 2290 sibi
1481 2265 1502 2289 a

104 2329 311 2366 maioribus
330 2328 494 2365 traditae
514 2327 685 2364 vindices
705 2327 945 2364 exsisterent.
