1559 2463
88 107 109 141 6
310 109 547 146 SECOND
576 110 764 146 LATJN
788 110 1067 147 READJNG
1095 110 1265 147 BOOK.
1320 107 1441 159 [PART
1461 120 1486 146 1.

441 226 480 260 T
473 226 518 261 lle
540 225 744 272 Tarquinii
760 229 915 273 attempt
932 229 966 262 lo
986 229 1123 262 return.

143 315 485 353 12.—Commovit
499 320 629 353 tamen
641 316 785 353 bellum
801 321 934 354 contra
949 317 1145 354 Romanos
1159 329 1229 354 rex
1243 315 1490 365 Tarquinius,

87 385 126 418 et
147 382 296 432 magnis
325 383 443 433 copiis
472 384 708 434 conscriptis,
728 389 773 422 ut
797 385 838 422 in
866 398 1026 435 regnum
1045 388 1175 434 posset
1201 384 1365 430 restitui,
1387 383 1495 421 dimi-

87 451 197 488 cavit.
257 451 303 488 In
322 452 448 501 prima
475 466 606 502 pugna
633 452 778 490 Brutus
798 453 928 491 consul
949 458 988 491 et
1015 453 1145 490 Aruns
1165 452 1365 502 Tarquinii
1393 452 1494 489 filius

87 518 251 557 invicem
285 533 323 557 se
357 521 590 567 oeciderunt,
624 521 787 559 victoria
818 526 949 558 autem
986 534 1102 571 penes
1139 521 1333 558 Romanos
1371 519 1492 557 stetit.

88 588 253 626 Brutum
272 589 469 628 Romanae
489 594 687 628 matronae
708 590 817 639 quasi
837 603 1078 628 communem
1097 594 1247 640 patrem
1265 603 1332 639 per
1352 602 1495 627 annum

87 659 212 693 totum
224 656 416 694 luxerunt.
474 657 639 694 Ineunte
655 661 784 694 autem
796 670 885 695 vere
905 657 1137 707 Tarquinius
1157 657 1296 695 iterum
1311 656 1495 694 Romanis

86 724 231 762 bellum
249 725 395 771 intulit,
416 726 602 763 auxilium
622 726 655 763 ei
676 726 823 764 ferente
842 726 1012 764 Porsena
1031 726 1242 763 Tuscorum
1270 738 1368 775 rege,
1391 725 1495 762 cuius

88 805 159 841 ope
178 805 256 830 non
275 793 442 830 multum
461 794 585 831 abfuit
605 795 698 844 quin
718 795 810 832 urbs
825 798 1033 844 caperetur.
1091 794 1223 831 Tertio
1245 798 1374 831 autem
1395 806 1494 830 anno

88 860 329 910 Tarquinius,
370 875 455 899 cum
491 863 585 900 urbe
621 863 742 912 potiri
777 863 956 912 nequiret
988 875 1111 911 neque
1145 862 1180 899 ei
1216 862 1396 907 Porsena,
1431 861 1497 910 qui

88 942 221 978 pacem
250 943 335 966 cum
364 929 549 968 Romanis
577 931 730 976 fecerat,
761 931 947 968 auxilium
976 935 1200 980 praestaret,
1221 929 1430 967 Tusculum
1459 942 1497 966 se

89 997 255 1036 contulit
274 1003 388 1047 atque
408 999 553 1036 ibidem
574 999 734 1037 tandem
753 1004 927 1037 mortuus
948 1004 1014 1038 est.

422 1151 611 1186 Herczlius
635 1150 752 1186 Cocles
770 1150 918 1197 defifnds
938 1151 996 1186 llze
1019 1150 1166 1196 Βνίαζςε,

148 1241 363 1280 13.-Lars
382 1241 561 1287 Porsena,
577 1241 787 1278 Tuscorum
807 1254 886 1287 rex,
908 1245 950 1277 ut
970 1253 1085 1289 supra
1104 1240 1410 1276 demonstratum
1430 1243 1502 1285 est,

93 1310 189 1346 fines
218 1308 479 1346 Romanorum
513 1322 598 1346 cum
630 1322 770 1359 magno
803 1309 973 1346 exercitu
1007 1308 1201 1358 ingressus
1234 1312 1303 1353 est,
1336 1311 1380 1344 ut
1412 1307 1501 1343 Tar-

95 1377 271 1427 quinium
299 1378 339 1415 in
358 1391 521 1427 regnum
549 1378 779 1416 restitueret.
838 1377 937 1415 Cum
966 1377 1096 1414 hostes
1125 1376 1313 1421 adessent,
1335 1374 1501 1412 Romani

95 1445 132 1482 in
155 1446 289 1484 urbem
309 1460 357 1483 ex
377 1447 477 1496 agris
498 1446 739 1497 demigrant;
768 1447 903 1483 urbem
923 1446 1044 1495 ipsam
1074 1445 1252 1494 saepiunt
1279 1443 1501 1493 praesidiis,

96 1515 169 1553 alia
197 1515 326 1561 muris,
349 1516 422 1553 alia
450 1515 581 1554 Tiberi
609 1516 756 1554 obiecto
785 1515 1019 1552 videbantur
1038 1519 1131 1552 tuta.
1190 1514 1293 1551 Pons
1314 1512 1504 1550 Sublicius

96 1584 171 1621 iter
201 1597 322 1633 paene
352 1584 529 1622 hostibus
558 1584 675 1622 dedit.
746 1584 845 1621 Tum
875 1583 1073 1629 Horatius,
1104 1582 1163 1620 cui
1195 1595 1336 1619 nomen
1365 1580 1504 1619 Cocliti

96 1653 171 1690 fuit
190 1654 238 1691 ob
258 1653 423 1691 alterum
444 1653 596 1691 oculum
625 1653 821 1699 amissum,
842 1666 929 1690 suos
957 1652 1110 1689 monuit
1128 1656 1172 1689 ut
1200 1655 1358 1700 pontem
1386 1650 1503 1687 inter-

98 1726 344 1771 rumperent:
383 1735 422 1759 se
450 1722 638 1771 impetum
666 1721 838 1758 hostium
872 1726 1132 1770 excepturum.
1200 1719 1320 1756 Vadit
1347 1718 1438 1755 inde
1466 1718 1505 1755 in

99 1791 266 1840 primum
285 1791 435 1828 aditum
463 1791 602 1840 pontis.
659 1790 766 1827 Duos
795 1794 925 1827 tamen
954 1803 1040 1827 cuni
1068 1802 1113 1827 eo
1141 1788 1264 1838 pudor
1291 1787 1417 1825 tenuit
1439 1786 1502 1836 Sp.

99 1859 275 1897 Lartium
295 1873 337 1897 ac
358 1860 398 1897 T.
423 1859 681 1905 Herminium,
703 1859 834 1896 ambos
854 1858 974 1896 claros
993 1870 1131 1908 genere
1150 1857 1346 1905 factisque.
1405 1855 1504 1893 Cum

103 1929 164 1966 his
192 1929 356 1978 primam
385 1928 544 1978 periculi
573 1927 780 1977 procellam
809 1940 1015 1976 parumper
1044 1926 1249 1964 sustinuit:
1279 1924 1419 1962 deinde
1448 1937 1511 1961 eos

102 2011 253 2048 quoque
290 1998 404 2047 ipsos,
444 1997 582 2047 exigua
626 2001 737 2046 parte
774 1996 903 2045 pontis
948 1995 1093 2042 relicta,
1130 1994 1400 2032 revocantibus
1441 1993 1507 2042 qui

101 2066 381 2113 rescindebant,
403 2065 535 2104 cedere
554 2065 595 2102 in
614 2069 743 2102 tutum
763 2064 897 2115 coegit.

382 2215 445 2250 [se
464 2214 567 2250 holds
586 2213 618 2249 it
634 2214 697 2249 till
712 2213 743 2249 it
760 2213 792 2248 is
809 2217 871 2248 cut
887 2213 967 2248 and
983 2213 1066 2248 then
1085 2217 1230 2259 escapes.

163 2297 575 2335 14.—Circumferens
602 2296 693 2333 inde
721 2300 847 2333 truces
874 2295 1076 2332 minaciter
1104 2294 1231 2332 oculos
1259 2293 1308 2331 ad
1336 2305 1510 2342 proceres

110 2366 374 2412 Etruscorum,
404 2378 505 2402 nunc
537 2363 707 2413 singulos
739 2376 956 2413 provocare,
1001 2376 1102 2400 nunc
1135 2362 1329 2411 increpare
1363 2373 1507 2405 omnes,
