1559 2463
70 51 268 102 PART111.]
380 53 753 89 ALEXANDER
785 53 903 89 THE
935 54 1139 91 GREAT
1422 66 1467 102 95

67 164 141 212 Qui
177 178 263 202 cum
295 165 532 214 promisisset
569 177 607 202 se
644 169 732 213 post
763 164 866 202 diem
903 165 1062 202 tertium
1093 165 1250 214 potione
1283 165 1472 203 medicata

67 238 216 270 tantam
230 232 310 269 vim
330 233 453 270 morbi
474 232 690 269 levaturum
710 245 800 278 esse,
821 246 889 269 rex
909 246 931 270 a
959 233 1222 280 Parmenione,
1246 234 1431 272 fidissimo
1451 248 1471 271 e

66 300 236 346 ducibus,
259 301 389 338 literas
417 300 573 350 accepit,
594 301 731 349 quibus
760 301 794 337 ei
824 301 1077 338 denuntiabat
1105 314 1152 339 ne
1182 302 1344 339 salutem
1364 315 1470 339 suam

67 368 246 417 Philippo
275 368 554 405 committeret:
591 367 696 405 mille
729 368 886 405 talentis
918 382 940 405 a
972 368 1090 406 Dario
1123 382 1203 407 esse
1237 375 1467 419 corruptum.

68 436 172 483 Quae
191 436 324 473 literae
344 436 517 485 quamvis
545 435 741 485 ingentem
762 436 888 473 animo
917 436 1215 474 sollicitudinem
1242 438 1470 484 incuterent,

66 518 135 541 rex
154 504 250 541 nulli
269 504 362 554 quid
390 505 573 554 scriptum
593 510 693 542 esset
711 505 888 542 enuntiat
907 505 1194 555 epistolamque,
1217 506 1341 556 sigillo
1367 507 1471 544 anuli

67 573 124 610 sui
142 573 336 622 impresso,
358 573 526 623 pulvino,
549 573 609 610 cui
628 573 885 620 incumbebat,
907 574 1076 612 subiecit.

471 728 509 763 T
503 728 546 763 lze
566 729 705 764 Doctor
719 729 800 764 and
815 729 874 765 his
892 729 1052 765 Palleat.

123 821 213 859 196.
222 819 380 856 —Inter
399 819 467 856 has
487 819 737 869 cogitationes
757 819 875 856 biduo
895 820 1110 869 absumpto,
1134 821 1264 858 illuxit
1284 835 1305 859 a
1324 822 1471 859 medico

66 888 280 926 destinatus
299 888 390 933 (lies,
414 893 452 925 et
471 887 534 925 ille
555 901 640 925 cum
659 888 793 937 poculo
810 889 979 926 intravit.
1040 888 1123 936 Quo
1142 890 1223 927 viso
1238 890 1472 937 Alexander,

66 956 266 1005 epistolam
299 969 320 993 a
352 956 606 993 Parmenione
639 956 794 994 missam
825 957 979 994 sinistra
1010 970 1126 994 manu
1154 963 1299 1004 tenens,
1335 960 1473 1008 accipit

65 1025 243 1074 poculum
272 1029 310 1062 et
338 1024 467 1062 haurit
494 1024 715 1062 interritus:
754 1030 838 1062 tum
867 1025 1068 1074 epistolam
1096 1025 1320 1076 Philippum
1348 1027 1472 1077 legere

65 1094 192 1131 iubet:
222 1106 291 1131 nec
311 1106 332 1130 a
351 1093 462 1130 vultu
481 1093 642 1143 legentis
662 1094 784 1131 movit
804 1094 940 1131 oculos.
1000 1094 1081 1140 Ille,
1103 1095 1266 1143 epistola
1293 1096 1470 1144 perlecta,

66 1162 151 1211 plus
196 1162 272 1199 irae
319 1175 433 1211 quam
476 1162 629 1211 pavoris
666 1163 732 1200 ubi
779 1151 959 1208 ostendit,
1006 1163 1103 1209 Rex,
1150 1164 1288 1213 inquit,
1329 1165 1471 1202 crimen

65 1230 268 1280 parricidii,
291 1231 393 1280 quod
422 1231 517 1268 mihi
545 1231 736 1268 obiectum
765 1236 831 1277 est,
854 1236 921 1268 tna
949 1231 1049 1268 salus
1077 1232 1222 1270 diluet:
1251 1239 1423 1271 servatus
1452 1248 1473 1272 a

66 1313 126 1337 me
154 1300 274 1336 vitam
302 1299 397 1336 mihi
426 1299 586 1336 dederis.
655 1299 732 1337 Oro
763 1313 990 1350 quaesoque,
1022 1301 1160 1338 omisso
1193 1306 1309 1348 metu,
1342 1308 1472 1351 patere

65 1369 388 1406 medicamentum
425 1368 572 1417 concipi
608 1369 740 1406 venis:
780 1369 867 1406 laxa
897 1370 1106 1418 paullisper
1143 1371 1323 1417 animum,
1358 1385 1472 1420 quem

64 1437 335 1486 intempestiva
355 1437 611 1475 sollicitudine
640 1438 751 1475 amici
780 1451 868 1476 sane
899 1439 1042 1485 fideles,
1064 1439 1131 1477 sed
1160 1440 1319 1478 moleste
1349 1442 1471 1478 seduli

65 1507 232 1544 turbant.
293 1506 382 1543 Non
403 1519 576 1543 securum
595 1506 710 1544 modo
729 1507 821 1544 haec
841 1520 927 1553 vox,
951 1508 1016 1545 sed
1045 1509 1161 1546 etiam
1181 1509 1325 1546 laetum
1344 1523 1472 1559 regem

66 1575 165 1612 fecit.
224 1574 318 1620 Hac,
353 1574 489 1623 inquit,
522 1575 683 1623 epistola
715 1581 880 1625 accepta,
911 1577 1090 1625 poculum
1122 1578 1257 1615 hausi:
1300 1584 1338 1616 et
1371 1593 1471 1617 nunc

67 1642 176 1680 crede
213 1655 274 1680 me
306 1655 383 1679 non
417 1643 542 1679 minus
571 1656 639 1692 pro
670 1648 737 1681 tua
769 1644 844 1681 fide
875 1658 988 1693 quam
1022 1659 1089 1694 pro
1122 1659 1207 1683 mea
1240 1647 1361 1684 salute
1392 1661 1471 1685 esse

67 1711 282 1749 sollicitum.
340 1711 445 1748 Haec
473 1711 621 1748 locutus
649 1712 828 1750 dextram
860 1713 1040 1762 Philippo
1073 1715 1193 1752 offert.
1251 1715 1386 1765 Neque
1419 1717 1474 1754 ita

67 1780 188 1817 multo
221 1784 308 1829 post
339 1792 408 1816 rex
436 1779 567 1817 sedata
598 1781 721 1818 morbi
749 1781 787 1818 vi
816 1782 855 1818 in
884 1787 1130 1830 conspectum
1157 1783 1325 1821 militum
1353 1786 1470 1823 venit.

67 1848 147 1885 Nec
167 1848 315 1885 avidius
334 1848 459 1897 ipsum
478 1861 605 1898 regem
625 1862 739 1898 quam
767 1850 989 1899 Philippum
1009 1851 1231 1889 intuebatur
1259 1854 1448 1891 exercitus
1466 1870 1473 1892 ε

68 1929 136 1965 pro
174 1929 213 1953 se
250 1916 410 1966 quisque
457 1917 634 1954 dextram
671 1918 751 1955 eius
789 1919 956 1968 amplexi
993 1925 1120 1969 grates
1166 1921 1331 1970 agebant
1368 1923 1473 1960 velut

74 1986 265 2034 praesenti
285 1985 367 2023 deo.

440 2096 516 2131 lee
533 2096 615 2132 Eve
634 2096 678 2143 (ff
690 2097 750 2133 tlte
768 2098 899 2133 Battle
917 2098 963 2144 of
973 2099 1088 2135 Issus.

125 2178 383 2218 197.—Isson
414 2179 553 2217 deinde
582 2193 651 2217 rex
683 2181 809 2230 copias
839 2181 1033 2220 admovit:
1063 2183 1129 2220 ubi
1157 2183 1314 2221 consilio
1342 2184 1474 2223 habito

68 2251 199 2283 utrum
226 2246 328 2284 ultra
347 2248 670 2297 progrediendum
697 2249 798 2287 foret
817 2263 865 2287 an
894 2250 948 2287 ibi
976 2251 1200 2299 opperiendi
1229 2258 1355 2289 essent
1384 2254 1474 2290 novi

69 2314 220 2362 milites,
243 2328 336 2364 qnos
365 2328 412 2352 ex
442 2315 668 2354 Macedonia
696 2317 904 2355 adventare
933 2319 1142 2365 constabat,
1166 2319 1367 2357 Parmenio
1396 2334 1472 2358 non
