1559 2463
78 63 280 115 PART111.]
399 56 769 101 ALEXANDER
802 65 922 100 THE
954 64 1161 102 GREAT.
1410 77 1477 111 113

580 218 637 253 Be
656 217 814 253 warned
830 217 868 252 iu
889 216 980 252 time.

128 316 415 362 231.—Quid?
458 320 501 353 tu
533 317 696 366 ignoras,
728 316 882 353 arbores
914 328 1072 365 magnas
1100 315 1167 352 diu
1195 327 1373 361 crescere,
1402 329 1479 353 una

75 384 169 422 hora
200 386 413 435 extirpari2
469 385 620 423 Stultus
653 389 711 422 est
748 385 813 434 qui
850 384 997 421 fructus
1035 397 1165 422 earum
1201 388 1360 433 spectat,
1399 384 1483 422 alti—

74 453 249 491 tudinem
281 468 358 492 non
390 454 558 492 metitur.
625 453 737 499 Vide,
768 467 827 500 ne,
862 453 955 490 dum
987 453 1035 490 ad
1069 466 1249 491 cacumen
1280 454 1481 503 pervenire

74 523 283 570 contendis,
306 537 391 561 cum
418 524 510 573 ipsis
538 523 662 569 ramis,
686 536 780 572 quos
808 521 1151 571 comprehenderis,
1183 522 1346 560 decidas.
1402 522 1481 561 Leo

73 605 224 642 quoque
256 592 461 642 aliquando
494 592 738 629 minimarum
770 591 899 628 avium
931 591 1115 640 pabulum
1146 591 1232 637 fuit,
1267 596 1305 629 et
1337 591 1481 630 ferrum

74 661 207 711 rubigo
236 663 434 699 consumit.
493 661 602 699 Nihil
630 666 709 699 tam
738 661 890 697 firmum
909 665 976 707 est,
999 661 1058 698 cui
1086 660 1296 710 periculum
1325 674 1403 698 non
1432 662 1481 698 sit

73 730 189 767 etiam
217 731 263 767 ab
292 730 469 768 invalido.
530 730 641 777 Quod
669 729 780 766 nobis
808 734 934 766 tecum
963 731 1047 767 est?
1102 729 1311 778 Nunquam
1339 734 1481 767 terram

73 802 179 835 tuam
207 799 413 849 attigimus.
473 799 546 846 Qui
567 799 628 844 sis,
650 799 752 836 unde
780 799 922 845 venias,
944 798 1082 835 licetne
1110 798 1284 848 ignorare
1304 798 1344 835 in
1363 800 1481 836 vastis

72 867 177 905 silvis
197 869 415 905 viventibus
433 871 445 905 2
501 868 635 917 Neque
649 868 825 917 cuiquam
841 868 982 904 servire
997 880 1197 916 possumus
1210 880 1279 905 nec
1294 867 1480 917 imperare

72 936 112 972 in
150 936 276 974 animo
315 942 381 974 est.
439 937 551 974 Dona
578 937 689 974 nobis
722 936 813 974 data
846 941 1037 974 sunt—ne
1066 936 1298 985 Scytharum
1326 942 1480 986 gentem

71 1005 407 1055 ignores—iugum
435 1006 551 1043 boum
580 1011 619 1043 et
651 1010 832 1051 aratrum,
862 1005 984 1051 hasta,
1015 1005 1166 1054 sagitta,
1196 1010 1339 1054 patera.
1408 1005 1481 1042 His

71 1074 216 1110 utimur
252 1079 291 1111 et
328 1088 413 1111 cum
450 1074 580 1111 amicis
612 1079 651 1111 et
688 1074 872 1112 adversus
909 1074 1092 1111 inimicos.
1169 1073 1314 1123 Fruges
1352 1074 1484 1111 amicis

71 1142 215 1188 danmS,
246 1143 363 1180 boum
390 1143 518 1180 labore
547 1143 759 1192 quaesitas:
797 1148 931 1192 patera
959 1156 1044 1180 cum
1077 1142 1213 1180 iisdem
1241 1143 1375 1180 vinum
1408 1143 1482 1180 diis

70 1212 257 1249 libamus:
296 1212 425 1250 hostes
464 1212 604 1262 sagitta
641 1213 799 1258 eminus,
829 1212 940 1249 hasta
977 1212 1147 1249 cominus
1186 1212 1362 1260 petimus.
1420 1212 1481 1250 Sic

71 1282 203 1331 Syriae
240 1294 368 1331 regem
405 1286 444 1319 et
480 1286 613 1330 postea
649 1282 851 1319 Persarum
884 1281 1164 1331 Medorumque
1202 1282 1476 1331 superavimus,

70 1351 271 1400 patuitque
290 1351 365 1389 iter
383 1351 494 1389 nobis
514 1364 632 1400 usque
651 1351 692 1388 in
711 1351 943 1401 Aegyptum.

520 1521 682 1556 Beware
699 1520 744 1567 of
760 1519 1022 1556 Covetonsness.

121 1627 338 1667 232.-At
356 1631 411 1673 tu,
433 1627 496 1676 qui
517 1631 554 1664 te
573 1626 747 1676 gloriaris
767 1626 814 1663 ad
843 1626 1011 1664 latrones
1030 1627 1314 1676 persequendos
1334 1628 1478 1674 venire,

68 1697 239 1733 omnium
266 1696 450 1746 gentium,
472 1708 566 1744 quas
593 1695 719 1742 adisti,
741 1695 839 1732 latro
860 1708 910 1732 cs.
967 1695 1130 1744 Lydiam
1160 1696 1304 1744 cepisti,
1327 1696 1477 1746 Syriam

67 1765 270 1814 occupasti,
292 1765 488 1802 Persidem
517 1769 634 1810 tenes,
656 1764 881 1801 Bactrianos
910 1764 1027 1801 habes
1055 1764 1095 1801 in
1125 1769 1327 1814 potestate,
1358 1766 1479 1804 Indos

67 1835 197 1884 petisti
211 1850 221 1881 3
249 1835 325 1871 iam
344 1834 460 1871 etiam
480 1833 528 1870 ad
556 1846 693 1883 pecora
710 1838 843 1871 nostra
861 1846 995 1871 avaras
1015 1838 1054 1870 et
1081 1833 1319 1872 insatiabiles
1339 1848 1477 1873 manus

66 1903 238 1953 porrigis.
297 1902 398 1949 Quid
431 1903 501 1940 tibi
531 1902 677 1940 divitiis
707 1916 802 1952 opus
835 1907 904 1948 est,
939 1915 1035 1952 quae
1067 1907 1106 1940 te
1135 1903 1276 1940 esurire
1305 1907 1476 1954 cogunt‘ss

67 1973 218 2009 Primus
248 1972 420 2009 omnium
448 1971 624 2009 satietate
653 1972 796 2020 parasti
825 1971 977 2018 famem,
999 1976 1052 2018 ut,
1076 1985 1151 2021 quo
1171 1972 1281 2021 plura
1301 1972 1472 2021 haberes,

66 2042 198 2087 acrius,
230 2053 326 2090 quae
354 2053 432 2078 non
460 2040 589 2087 habes,
621 2053 787 2089 cuperes.
845 2041 935 2078 Non
964 2041 1149 2078 succurrit
1178 2041 1259 2087 tibi,
1290 2042 1474 2091 quamdiu

66 2111 206 2148 circum
242 2109 380 2147 Bactra
416 2109 599 2147 haereas2
646 2109 738 2147 dum
774 2108 859 2146 illos
906 2109 1061 2159 subigis,
1101 2109 1285 2159 Sogdiani
1331 2111 1473 2150 bellare

66 2184 285 2229 coeperunt.
350 2178 501 2216 Bellum
529 2178 601 2215 tibi
635 2191 681 2215 ex
715 2179 875 2216 victoria
901 2179 1079 2216 nascitur.
1147 2179 1249 2216 Nam
1281 2184 1325 2216 ut
1354 2181 1474 2219 maior

66 2248 278 2297 fortiorque
298 2247 347 2284 sis
367 2260 482 2297 quam
502 2247 715 2296 quisquam,
735 2251 865 2285 tamen
893 2247 1145 2297 alienigenam
1174 2247 1372 2286 dominum
1392 2250 1474 2298 pati

68 2316 152 2354 vult
171 2329 293 2354 nemo.

753 2392 783 2419 H
