1559 2463
101 22 301 73 PART111.]
414 23 786 73 ALEXANDER
820 23 937 59 THE
969 24 1175 61 GREAT.
1430 36 1500 70 119

501 136 632 172 Revels
651 135 689 171 in
710 136 857 171 honour
873 135 918 182 of
928 136 1106 172 Bacchus.

146 234 447 274 243.—Postea
465 247 534 271 rex
553 238 725 271 montem
745 234 937 283 quendam
956 234 1095 272 Libero
1116 248 1262 273 sacrum
1287 236 1505 286 praemissis

101 303 375 340 commeatibus
388 302 570 340 ascendit.
610 302 738 339 Multa
746 302 887 340 hedera
894 302 1060 351 vitisque
1076 308 1159 340 toto
1172 304 1344 354 gignitur
1355 309 1504 341 monte:

100 371 243 409 multae
276 384 463 421 perennes
492 384 610 420 aquae
639 376 809 409 manant.
866 371 1074 409 Pomorum
1102 385 1253 422 quoque
1284 373 1381 410 varii
1410 372 1505 409 salu-

100 439 260 488 bresque
281 440 359 477 suci
380 443 480 485 sunt,
512 452 579 476 sua
608 443 743 488 sponte
763 439 1012 477 fortuitorum
1031 440 1220 477 seminum
1239 440 1367 490 fruges
1387 440 1505 478 humo

100 507 303 545 nutriente.
362 506 478 544 Lauri
506 507 749 556 baccarisque
778 507 899 544 multa
927 507 967 544 in
995 507 1071 544 illis
1090 508 1249 557 rupibus
1269 509 1429 558 agrestis
1449 512 1506 545 est

100 576 204 613 silva.
262 576 387 614 Credo
417 575 606 625 equidem,
638 589 715 613 non
744 576 875 613 divino
908 576 1107 623 instinctu,
1137 576 1204 614 sed
1236 577 1392 615 lascivia
1424 590 1505 615 esse

99 650 310 693 provectos,
331 648 375 681 ut
403 645 543 693 passim
572 644 735 682 hederae
765 658 806 682 ac
825 644 965 681 vitium
993 644 1084 682 folia
1103 645 1351 695 decerperent
1369 646 1506 683 redim-

99 713 219 762 itique
256 712 392 750 fronde
429 717 513 750 toto
554 725 708 750 nemore
755 713 897 750 similes
941 713 1216 751 bacchantibus
1262 719 1500 764 vagarentur.

99 781 267 819 Vocibus
296 794 385 830 ergo
415 785 475 818 tot
494 781 645 818 milium
673 781 887 831 praesidem
916 782 1084 820 nemoris
1113 782 1194 820 eius
1214 782 1330 821 deum
1350 782 1506 820 adoran-

99 850 197 887 tium
216 850 305 900 iuga
325 850 467 887 montis
483 850 671 899 collesque
692 851 934 897 resonabant,
952 864 1037 888 cum
1053 856 1136 889 orta
1150 852 1305 890 licentia
1324 865 1346 889 a
1364 852 1505 902 paucis,

99 924 143 956 ut
170 918 249 956 fere
269 919 322 965 fit,
345 919 385 955 in
413 932 544 956 omnes
573 932 611 956 se
640 924 797 968 repente
826 919 1030 970 vulgasset,
1060 933 1150 958 nam
1178 921 1285 958 velut
1312 921 1352 959 in
1380 921 1508 959 media

99 1001 189 1036 pace
209 1000 276 1036 per
295 987 432 1025 herbas
452 991 694 1037 prostravere
714 1001 881 1038 corpora.
941 989 992 1026 Et
1011 1002 1080 1027 rex
1098 989 1299 1027 fortuitam
1319 989 1507 1028 laetitiam

99 1069 176 1093 non
196 1060 404 1102 aversatus,
426 1056 528 1106 large
548 1056 596 1093 ad
617 1057 747 1105 epulas
776 1058 954 1095 omnibus
973 1058 1168 1107 praebitiS,
1188 1072 1256 1108 per
1275 1059 1406 1097 decem
1426 1059 1508 1097 dies

99 1124 238 1162 Libero
258 1124 367 1161 Patri
396 1130 595 1174 operatum
623 1125 758 1163 habuit
787 1127 1006 1164 exercitum.
1066 1127 1158 1174 Quis
1187 1133 1301 1178 neget
1327 1128 1507 1166 eximiam

99 1206 250 1242 quoque
269 1193 426 1243 gloriam
459 1194 608 1243 saepius
636 1194 815 1232 fortunae
843 1208 959 1244 quam
978 1195 1134 1233 virtutis
1153 1209 1233 1234 esse
1253 1197 1505 1235 beneficium‘l

99 1275 189 1299 nam
218 1275 265 1299 ne
299 1262 498 1311 epulantes
531 1262 688 1312 quidem
721 1268 760 1300 et
793 1263 939 1312 sopitos
971 1277 1075 1302 mero
1109 1265 1265 1315 aggredi
1302 1279 1414 1303 ausus
1451 1270 1509 1303 est

99 1330 231 1377 hostis,
253 1330 356 1368 haud
377 1344 482 1368 secus
502 1331 771 1369 bacchantium
786 1332 1095 1383 ululantiumque
1110 1333 1267 1372 fremitu
1282 1334 1509 1384 perterritus

101 1411 215 1447 quam
235 1398 266 1436 si
285 1398 557 1448 proeliantium
578 1399 720 1437 clamor
739 1405 838 1437 esset
857 1401 1019 1438 auditus.

468 1567 635 1614 Captum
653 1567 698 1614 (ff
708 1579 730 1602 a
751 1567 956 1602 flffomllal'n
976 1567 1157 1604 Ezstness.

154 1667 419 1707 244.—Inde
439 1672 527 1717 post
548 1667 690 1716 oppida
708 1667 894 1704 nonnulla
914 1681 1002 1705 suae
1022 1667 1179 1705 ditionis
1208 1668 1308 1705 facta
1327 1681 1451 1705 arcem
1470 1668 1509 1705 in

103 1739 200 1776 clivo
229 1737 429 1788 praecipiti
463 1736 701 1785 abruptoque
736 1736 878 1786 (locum
910 1737 1060 1774 Aornin
1088 1738 1256 1787 vocant),
1286 1751 1307 1774 a
1339 1737 1511 1775 barbaris

103 1807 226 1844 teneri
246 1806 385 1843 certior
404 1805 539 1851 tactim,
557 1818 600 1842 eo
621 1818 769 1842 summa
784 1805 979 1842 alacritate
996 1805 1204 1843 contendit.
1264 1805 1374 1843 Hanc
1387 1819 1510 1843 arcem

104 1877 151 1914 ab
171 1875 337 1913 Hercule
357 1874 502 1911 frustra
522 1874 714 1911 obsessam
730 1887 810 1911 esse
826 1874 1065 1924 eundemque
1078 1879 1202 1912 terrae
1214 1879 1322 1912 motu
1338 1880 1510 1912 coactum

104 1944 302 1981 obsidione
331 1943 515 1980 desistere
544 1942 647 1980 fama
675 1943 908 1992 vulgaverat.
986 1942 1069 1990 Quo
1098 1944 1164 1981 ubi
1192 1948 1421 1993 perventum
1441 1949 1508 1990 est,

104 2012 326 2050 Alexander
359 2024 446 2049 suos
484 2011 532 2048 ad
570 2011 868 2061 oppugnandam
906 2025 1030 2049 arcem
1067 2012 1187 2049 duxit.
1258 2012 1353 2050 Inde
1386 2013 1511 2050 locum

104 2084 310 2130 praerupto
331 2079 439 2116 aditu
459 2078 676 2117 adorientes
696 2080 847 2117 barbari
868 2080 955 2117 telis
976 2080 1153 2129 saxisque
1167 2080 1347 2127 obruunt,
1362 2094 1513 2131 promp-

105 2151 297 2188 tissimum
317 2162 505 2198 quemque
526 2149 743 2195 deturbant,
766 2163 969 2199 regemque
988 2150 1114 2199 ipsum
1133 2149 1181 2187 ad
1207 2150 1404 2199 fastigium
1425 2151 1513 2188 clivi

107 2219 335 2257 evadentem
367 2218 582 2255 vulnerant.
653 2218 691 2255 Is
728 2223 788 2256 tot
825 2232 979 2256 suorum
1017 2224 1141 2268 strage
1179 2224 1390 2256 commotus
1428 2233 1513 2256 cum

109 2287 279 2337 receptui
298 2287 383 2324 cani
402 2286 583 2333 iussisset,
607 2286 745 2324 itinera
765 2287 939 2324 obsidere
959 2292 997 2324 et
1017 2293 1141 2324 turres
1169 2287 1372 2325 admovere
1392 2288 1512 2325 iussit.
