1559 2463
81 47 284 99 maa-111.]
406 49 778 86 ALEXANDER
810 48 931 85 THE
963 48 1169 86 GREAT.
1416 59 1486 94 139

78 158 407 196 circumstantium
440 157 582 194 lectum
610 156 825 194 eminebat:
863 169 957 205 quos
987 160 1029 192 ut
1062 168 1129 192 rex
1162 153 1351 203 adspexit,
1382 153 1487 190 Num

78 226 295 273 invenietis,
324 225 460 275 inquit,
492 238 577 262 cum
606 238 814 270 excessero,
844 224 1004 273 dignum
1032 223 1173 260 talibus
1206 222 1298 259 viris
1331 234 1458 271 regem
1474 223 1486 257 'Z

77 295 308 333 Incredibile
328 295 434 332 dictu
462 294 685 344 audituque,
714 294 754 331 in
784 293 918 331 eodem
946 292 1083 330 habitu
1111 291 1291 341 corporis,
1312 290 1351 327 in
1372 303 1485 339 quem

79 377 119 400 sc
139 368 414 413 composuerat,
436 376 521 400 cum
549 363 691 400 milites
720 361 956 399 admissurus
986 365 1096 406 esset,
1128 359 1294 405 duravit,
1325 358 1445 396 donec
1466 372 1487 395 a

79 436 162 469 toto
183 432 352 469 exercitu
372 431 468 469 illud
495 431 676 468 ultimum
704 430 960 480 persalutatus
990 434 1071 467 est:
1100 428 1336 478 dimissoque
1356 427 1483 477 vulgo,

78 500 186 538 velut
205 501 309 538 omni
328 501 429 538 vitae
450 499 580 538 debito
600 500 796 542 liberatus,
817 499 980 548 fatigata
999 498 1172 535 membra
1191 497 1330 534 reiecit.
1389 495 1486 533 Inde

78 569 234 618 propius
262 569 367 606 adire
395 568 507 606 iussis
536 568 677 615 amicis,
700 582 789 605 nam
820 572 859 605 et
890 581 966 605 vox
998 566 1159 605 deficere
1189 566 1267 604 iam
1297 570 1485 615 coeperat,

78 649 164 673 cum
184 636 399 674 detractum
419 635 577 673 anulum
604 636 652 673 de
680 635 803 685 digito
833 635 1036 672 Perdiccae
1065 634 1299 680 tradidisset,
1328 632 1487 672 adiectis

79 705 270 742 mandatis
298 709 342 742 ut
369 718 505 754 corpus
534 717 646 742 suum
673 704 722 742 ad
751 704 1011 742 Hammonem
1038 703 1130 741 ferri
1158 703 1347 749 iuberent,
1373 701 1486 752 paulo

79 778 166 823 post
186 773 454 824 exstinguitur,
477 786 597 811 annos
617 777 730 810 natus
750 772 911 823 triginta
931 772 1017 810 duo.

427 908 556 945 Graece
574 907 722 943 becomes
740 919 763 943 cz
783 908 933 943 Roman
955 906 1140 943 Proz'iuce.

131 999 452 1038 285.—Mortuo
472 998 695 1037 Alexandro
715 999 829 1036 duces
848 999 950 1036 inter
969 1012 1008 1036 se
1028 998 1231 1048 imperium
1252 997 1486 1047 partiuntur,

79 1080 165 1104 cum
201 1072 311 1104 tanto
345 1067 451 1105 oneri
487 1067 647 1105 ferendo
685 1081 752 1117 per
786 1081 824 1105 se
862 1067 987 1117 ipsum
1020 1067 1222 1104 exsisteret
1255 1080 1376 1104 nemo.
1436 1067 1487 1104 Et

79 1136 310 1173 Macedones
346 1141 435 1185 post
472 1137 621 1174 obitum
658 1137 758 1186 regis
796 1136 863 1173 diu
900 1135 1096 1173 intestinis
1138 1136 1249 1173 bellis
1287 1136 1485 1185 exagitati,

78 1209 235 1254 accepto
265 1218 414 1243 necnon
444 1205 678 1243 detrimento
709 1218 756 1242 ex
785 1205 1067 1242 incursionibus
1096 1204 1310 1251 Gallorum,
1340 1204 1486 1254 aliquid

79 1274 237 1312 tandem
267 1274 421 1323 pristini
449 1275 598 1312 roboris
626 1275 693 1312 ubi
723 1278 960 1324 receperunt,
983 1274 1150 1312 Graecos
1181 1274 1419 1323 aliquamdiu
1446 1274 1486 1310 in

79 1343 200 1380 officio
221 1343 505 1390 continuerunt,
529 1343 650 1381 donec
678 1343 882 1392 Philippus
902 1356 969 1380 rex
998 1356 1129 1380 eorum
1158 1343 1381 1381 societatem
1401 1356 1486 1380 cum

80 1411 219 1448 Poenis
238 1411 338 1449 iniit.
394 1412 450 1449 Ea
470 1412 518 1450 de
539 1425 670 1449 caussa
689 1412 830 1449 infensi
850 1412 1016 1449 Romani
1044 1412 1323 1450 Macedonibus
1343 1412 1486 1449 belluni

79 1479 266 1525 indixere,
297 1479 514 1529 multasque
542 1480 721 1518 victorias
749 1480 797 1518 de
826 1481 872 1517 iis
901 1485 1205 1529 reportaverunt.
1264 1481 1400 1530 Neque
1432 1481 1488 1518 ita

80 1547 202 1584 multo
239 1552 326 1596 post
363 1547 543 1585 universa
589 1548 760 1596 Graecia,
801 1554 844 1586 ut
890 1562 1005 1598 supra
1047 1549 1407 1596 demonstravimus,
1446 1550 1485 1587 in

79 1615 242 1653 formam
261 1617 478 1665 provinciae
498 1617 653 1655 redacta
672 1623 738 1656 est.
