1559 2463
81 69 129 115 98
276 67 514 105 SECOND
541 67 727 103 LATJN
753 66 1034 104 READJNG
1062 67 1232 104 BOOK.
1278 66 1402 117 [PART
1421 79 1477 106 111.

80 191 203 228 neque
241 178 445 228 quicquam
481 191 530 215 ex
565 178 749 227 pristinae
786 177 963 215 fortunae
1000 178 1285 228 magnificentia
1320 179 1481 228 captivis

80 251 232 296 praeter
245 246 423 283 fiduciam
443 245 577 282 defuit.
626 244 762 294 Itaque
782 244 1030 294 Sisygambis‚
1051 245 1147 292 Rex,
1168 246 1305 295 inquit,
1327 247 1496 284 mereris

79 320 123 352 ut
160 327 204 352 ea
239 325 437 363 precemur
472 312 556 359 tibi,
595 325 691 362 quae
736 312 855 350 Dario
901 317 1032 350 nostro
1069 313 1263 362 quondam
1308 318 1482 363 precatae

81 395 222 428 sumus,
255 386 304 429 et,
325 386 369 418 ut
398 381 523 427 video,
544 380 683 431 dignus
703 393 742 418 es
772 381 942 430 imperio,
975 381 1040 430 qui
1070 386 1223 419 tantum
1250 395 1378 432 regem
1405 395 1482 420 non

81 451 266 490 felicitate
295 450 430 496 solum,
463 450 530 488 sed
558 450 675 487 etiam
702 449 896 498 aequitate
926 450 1173 499 superaveris.
1242 449 1303 487 Tu
1329 450 1483 500 quidem

81 525 244 558 matrem
272 532 332 557 me
366 524 404 556 et
431 519 604 568 reginam
631 531 753 565 vocas,
776 518 842 556 sed
871 531 940 568 ego
968 531 1029 555 me
1057 523 1163 555 tuam
1192 518 1374 556 famulam
1402 532 1482 557 esse
1537 561 1541 565 ,

82 589 273 626 confiteor.
323 587 418 633 Rex,
436 587 501 624 ubi
517 587 661 624 bonum
677 587 847 624 animum
862 586 1002 624 habere
1023 600 1085 624 eas
1100 587 1221 634 iussit,
1236 587 1345 625 Darii
1364 587 1483 625 filium

82 657 178 694 collo
211 669 279 694 suo
311 655 492 693 admovit.
552 655 674 702 Quem
707 668 792 692 cum
829 655 986 692 minime
1015 656 1265 693 conterritum
1301 656 1483 693 cervicem

83 739 190 762 suam
209 724 388 774 amplecti
408 723 752 769 animadvertisset,
774 728 903 761 motus
928 724 1144 761 constantia
1170 724 1288 773 pueri,
1311 724 1486 774 Hephae-

83 794 248 831 stionem
280 793 446 838 intuens,
478 792 601 839 Quam
634 791 783 837 vellem,
822 791 959 840 inquit,
990 791 1130 829 Darius
1161 792 1307 841 aliquid
1337 806 1385 830 ex
1413 792 1483 829 hac

84 860 212 898 indole
232 860 428 898 hausisset.

373 979 449 1015 lee
472 979 634 1025 Tyriam
654 977 769 1024 rcfuse
787 982 821 1013 to
840 977 961 1013 admit
977 978 1205 1015 Alexander.

138 1060 387 1101 zoa—Iam
415 1064 498 1097 tota
526 1059 647 1108 Syria,
678 1060 755 1097 iam
783 1059 974 1097 Phoenice
1002 1073 1163 1110 quoque,
1186 1066 1346 1110 excepta
1370 1061 1483 1109 Tyro,

85 1130 342 1168 Macedonum
373 1133 466 1175 erat,
500 1128 742 1177 habebatque
774 1141 841 1164 rex
875 1133 997 1165 castra
1029 1129 1068 1165 in
1101 1129 1324 1175 continenti,
1359 1142 1381 1166 a
1413 1143 1487 1179 qua

84 1199 218 1236 urbem
256 1202 461 1247 angustum
498 1197 642 1233 fretum
679 1196 835 1234 dirimit.
911 1196 1033 1246 Tyros
1070 1202 1109 1234 et
1145 1197 1410 1247 magnitudine
1448 1203 1487 1236 et

85 1268 257 1305 claritate
294 1271 383 1303 ante
417 1278 548 1302 omnes
581 1266 693 1303 urbes
726 1265 858 1314 Syriae
895 1265 1181 1315 Phoenicesque
1218 1267 1487 1313 memorabilis,

84 1336 232 1374 facilius
247 1335 468 1372 societatem
483 1334 696 1371 Alexandri
712 1339 913 1384 acceptura
925 1334 1128 1372 videbatur
1144 1348 1258 1384 quam
1273 1335 1485 1384 imperium.

86 1405 277 1442 Coronam
297 1403 415 1453 igitur
433 1415 587 1440 auream
607 1402 753 1452 legatos
779 1403 980 1440 afferentes
1008 1416 1077 1440 rex
1104 1404 1268 1453 benigne
1288 1403 1486 1450 allocutus,

88 1472 257 1518 Herculi,
297 1484 412 1521 quem
448 1471 649 1520 praecipue
687 1471 865 1517 colerent,
905 1472 1112 1509 sacrificare
1154 1472 1251 1509 velle
1289 1485 1327 1509 se
1365 1472 1488 1510 dixit:

88 1541 344 1580 Macedonum
364 1540 465 1578 enim
485 1552 591 1589 reges
612 1539 762 1577 credere
783 1540 830 1577 ab
850 1540 916 1577 illo
936 1540 1007 1578 deo
1028 1553 1107 1578 sese
1122 1554 1241 1590 genus
1261 1541 1419 1578 ducere:
1450 1554 1488 1578 se

88 1624 190 1657 vero,
214 1615 258 1647 ut
287 1609 326 1646 id
355 1609 508 1655 faceret,
530 1609 647 1646 etiam
667 1609 817 1646 oraculo
846 1610 1043 1647 monitum.
1103 1609 1237 1659 Legati
1256 1609 1490 1659 respondent

89 1691 169 1717 esse
189 1677 376 1726 templum
405 1676 583 1713 Herculis
611 1681 720 1713 extra
739 1677 895 1714 urbem:
924 1677 977 1714 ibi
997 1689 1124 1726 regem
1153 1678 1224 1715 deo
1250 1691 1398 1715 sacrum
1417 1678 1489 1715 rite

88 1748 289 1786 factiuum.
347 1745 436 1783 Non
464 1745 592 1782 tenuit
619 1745 714 1782 iram
742 1745 974 1791 Alexander,
997 1745 1101 1782 cuius
1130 1746 1271 1795 alioqui
1299 1746 1490 1795 impotens

90 1821 182 1854 erat.
239 1815 387 1864 Itaque,
417 1813 497 1851 Vos
534 1813 702 1863 quidem,
736 1815 872 1864 inquit,
908 1815 1045 1853 fiducia
1077 1815 1160 1860 loci,
1193 1815 1294 1864 quod
1326 1815 1490 1853 insulam

91 1883 270 1929 incolitis,
287 1882 504 1932 pedestrem
519 1881 620 1919 hunc
636 1882 845 1919 exercitum
861 1883 1040 1931 spernitis
1055 1898 1062 1920 ε
1089 1882 1154 1920 sed
1171 1883 1277 1920 brevi
1292 1883 1491 1921 ostendam

91 1953 131 1989 in
151 1951 364 1989 continenti
384 1963 451 1988 vos
471 1963 560 1987 esse.
619 1950 786 1988 Proinde
815 1951 942 1988 sciatis
971 1951 1059 1989 licet
1087 1956 1153 1989 aut
1179 1952 1411 1989 intraturum
1430 1964 1489 1989 me

94 2022 227 2059 urbem
245 2024 313 2058 aut
332 2024 656 2069 oppugnaturum.

632 2113 795 2160 Strange
818 2113 959 2151 Omens.

147 2199 435 2249 zoa—Igitur
453 2197 554 2235 bello
573 2197 726 2235 decreto
756 2197 939 2247 oppidani
957 2210 1025 2247 per
1043 2210 1172 2235 muros
1199 2201 1397 2246 turresque
1418 2200 1491 2234 tor-

95 2274 225 2307 menta
244 2268 466 2316 disponunt,
488 2279 594 2303 arma
620 2265 835 2303 iunioribus
863 2265 1054 2311 dividunt,
1079 2266 1231 2314 opifices
1258 2265 1299 2302 in
1327 2265 1492 2302 officinas

95 2337 342 2378 distribuunt.
400 2334 539 2372 Omnia
575 2333 665 2371 belli
703 2338 888 2383 apparatu
925 2338 1125 2383 strepunt:
1167 2333 1310 2371 ferreae
1343 2344 1492 2382 quoque
