1559 2463
106 101 154 138 50
332 89 569 127 SECOND
596 89 782 125 LATIN
804 89 1082 126 READING
1109 90 1280 127 BOOK.
1321 87 1441 139 [PART
1461 100 1501 126 11.

106 201 241 250 opibus
273 206 311 239 et
342 201 518 251 potentia
549 204 751 238 creverunt
782 204 826 238 ut
858 200 977 249 ipsius
1005 199 1186 237 Graeciae
1218 201 1376 238 urbibus
1404 204 1507 238 ante-

106 269 295 307 cellerent.
360 269 510 306 Bellum
542 269 700 306 tandem
732 269 778 306 iis
810 269 999 306 indictum
1031 273 1090 306 est
1123 282 1144 306 a
1174 268 1325 315 Croeso,
1360 269 1506 318 Lydiae

105 351 206 388 rege,
231 338 295 388 qui
324 342 383 375 tot
410 342 566 386 tamque
594 342 772 387 potentes
800 337 913 375 urbes
941 350 1029 374 suae
1058 337 1215 374 ditionis
1243 337 1366 375 facere
1394 338 1506 375 enixe

106 406 291 455 cupiebat.
350 405 423 453 Qui
456 419 541 443 cum
574 406 712 443 fortior
742 405 946 443 videbatur
978 418 1092 455 quam
1122 406 1181 442 cui
1214 406 1339 443 resisti
1367 410 1505 455 posset,

106 474 243 512 Graeci
262 474 385 512 coloni
409 475 448 511 in
472 474 710 512 deditionem
736 474 843 512 brevi
862 479 1059 512 venerunt.
1118 474 1253 523 Neque
1281 474 1327 511 iis
1355 487 1507 524 magno-

105 556 193 593 pere
212 556 234 580 a
254 543 394 581 Croeso
413 543 584 580 nocitum
610 547 677 589 est,
701 543 766 592 qui
794 542 943 580 modico
973 542 1120 580 tributo
1149 542 1341 591 imposito,
1361 547 1406 580 ut
1434 543 1506 580 sibi

105 616 284 662 parerent
329 625 471 661 suoque
510 612 670 661 imperio
704 611 876 649 contenti
912 616 1040 649 essent
1076 611 1289 660 imperavit.
1360 611 1505 661 Regem

106 685 258 718 tantum
278 693 365 717 orae
385 680 598 717 maritimae
618 680 698 718 fieri
718 680 815 718 velle
835 693 927 727 sese,
948 692 1071 728 neque
1097 679 1207 716 irasci
1231 679 1277 716 iis
1298 679 1400 728 quod
1419 693 1505 717 suas

105 762 164 786 res
193 749 398 787 defendere
427 749 553 786 conati
582 753 720 787 essent.
778 748 819 786 Si
847 749 919 786 sibi
947 752 1137 798 parerent,
1159 760 1279 797 aequo
1308 761 1346 785 se
1374 748 1414 785 in
1442 761 1506 785 eos

106 818 187 855 iure
220 822 258 855 et
292 817 452 867 imperio
482 831 649 855 usurum.
712 818 848 866 Itaque
879 817 1003 863 Iones,
1034 817 1089 854 ita
1126 817 1229 853 enim
1258 817 1503 863 vocabantur,

105 886 207 936 quod
243 886 400 923 Ionibus
433 885 667 923 Graecorum
699 890 813 935 gente
851 885 1004 922 oriundi
1040 889 1162 931 erant,
1196 897 1281 922 cum
1313 884 1505 922 mandatis

106 954 334 1004 paruissent,
355 953 510 992 favente
529 953 681 999 Croeso,
704 953 862 991 ditiores
882 953 1035 990 fiebant.

694 1113 732 1148 T
726 1112 769 1148 lle
787 1111 923 1147 Affedes.

162 1201 393 1242 loa—Sed
420 1201 645 1239 iamdudum
665 1202 856 1239 crescebat
876 1200 1080 1238 Medorum
1108 1205 1289 1250 potestas,
1311 1201 1375 1250 qui
1404 1214 1507 1238 mon-

107 1278 215 1310 tanas
248 1271 421 1321 regiones
453 1271 556 1308 ultra
588 1271 826 1320 Euphratem
859 1271 1018 1307 fluvium
1056 1271 1292 1317 obtinebant,
1328 1272 1507 1309 subiectis

106 1340 279 1377 finitimis
295 1344 334 1377 et
349 1340 449 1377 inter
463 1339 557 1376 alios
573 1339 711 1377 Persis.
751 1339 849 1376 Cum
864 1339 965 1376 ferro
981 1344 1020 1376 et
1034 1339 1120 1388 igne
1137 1344 1350 1377 vastassent
1361 1340 1505 1386 Asiam,

107 1422 221 1458 quam
240 1421 340 1445 1111116
360 1408 493 1445 Asiani
512 1408 703 1445 Minorem
724 1420 997 1457 nuncupamus,
1020 1408 1068 1444 ad
1089 1407 1217 1445 Croesi
1238 1408 1331 1445 fines
1350 1409 1506 1446 tandem

106 1481 333 1526 perventum
353 1481 419 1514 est.
477 1477 515 1514 Is
536 1477 683 1514 consilii
702 1476 873 1513 hostium
892 1476 1049 1513 minime
1069 1477 1235 1526 ignarus,
1256 1477 1372 1526 copiis
1393 1491 1506 1527 quam

106 1546 299 1583 celerrime
328 1546 563 1595 conscriptis,
594 1546 776 1583 adversus
804 1558 867 1583 eos
899 1545 1092 1594 profectus
1121 1550 1186 1582 est.
1258 1546 1333 1583 Sed
1362 1546 1508 1584 directa

106 1615 287 1664 utrinque
307 1615 386 1652 acie
407 1627 491 1651 cum
511 1613 652 1651 milites
672 1613 823 1664 signum
843 1627 992 1663 pugnae
1012 1617 1290 1662 exspectarent,
1312 1614 1506 1663 extemplo

107 1683 163 1720 sol
183 1683 333 1721 defecit.
374 1682 485 1729 Quod
500 1687 722 1732 portentum
741 1682 916 1732 religioni
936 1686 1129 1719 vertentes
1149 1695 1234 1718 cum
1257 1681 1398 1719 milites
1417 1695 1507 1732 pug-

106 1764 196 1788 nare
211 1750 369 1797 nollent,
386 1750 522 1788 foedus
542 1763 585 1787 ea
600 1750 820 1787 condicione
841 1750 958 1788 ictum
974 1754 1031 1787 est
1045 1754 1089 1786 ut
1108 1750 1249 1786 flumen
1266 1749 1388 1798 Halys
1407 1750 1508 1787 inter

107 1818 250 1868 Lydios
270 1818 481 1867 Medosque
510 1818 596 1855 finis
625 1823 731 1855 esset.
791 1818 926 1868 Itaque
946 1822 1051 1855 metu
1078 1822 1258 1855 externae
1282 1818 1507 1855 incursionis

107 1887 270 1934 sublato,
284 1887 418 1925 eodem
433 1900 508 1936 quo
524 1893 637 1924 antea
651 1892 755 1924 statu
771 1886 883 1924 Iones
898 1887 1116 1933 manebant,
1131 1899 1216 1924 cum
1236 1886 1266 1923 si
1282 1886 1374 1936 quid
1391 1886 1507 1925 cladis

106 1955 206 1994 bello
226 1955 407 1994 adversus
427 1955 612 1994 Croesum
631 1955 873 2006 accepissent,
895 1955 935 1993 id
954 1955 1061 1994 brevi
1081 1960 1398 2005 compensassent.

669 2129 708 2164 T
701 2128 745 2164 lle
762 2128 950 2165 Persians.

165 2218 416 2258 loe—Mox
445 2222 573 2255 autem
602 2218 750 2265 Persae,
779 2218 844 2268 qui
873 2218 940 2256 diu
959 2218 1087 2256 Medis
1115 2223 1331 2268 paruerant,
1354 2222 1506 2257 auctore

107 2287 209 2335 Cyro
230 2287 277 2324 ab
297 2287 342 2324 iis
361 2286 595 2324 defecerunt.
655 2287 751 2324 Inde
771 2287 849 2324 acie
869 2286 917 2324 ad
936 2287 1172 2337 Pasargadas
1191 2291 1364 2324 conserta
1383 2286 1506 2336 Cyrus

107 2354 244 2392 Medos
269 2354 371 2392 fudit
404 2355 639 2405 fugavitque,
670 2355 904 2404 imperioque
934 2367 1064 2393 eorum
1097 2356 1243 2404 potitus
1270 2360 1337 2393 est.
1396 2355 1507 2402 Quod
