1559 2463
92 80 135 115 72
298 70 535 107 SECOND
563 71 755 106 LATJN
772 71 1050 108 READING
1078 71 1247 109 BOOK.
1308 69 1426 122 [PART
1447 83 1487 110 11.

87 181 392 220 Atheniensibus
419 182 596 220 faverent
615 182 762 220 incolae
781 181 994 220 insularum
1017 182 1320 233 oppidorumque
1348 184 1490 222 mariti-

86 262 247 296 morum,
269 249 440 299 reliquae
467 250 546 288 fere
575 263 706 287 omnes
735 250 911 288 civitates
931 264 970 288 se
990 251 1191 300 Spartanis
1216 252 1487 290 adiunxerunt.

84 317 310 368 Apparebat
343 317 446 355 enim
475 318 507 355 si
539 331 614 368 qua
650 318 785 356 civitas
822 318 914 356 belli
950 323 1101 368 partem
1133 320 1322 369 suscipere
1354 319 1484 366 nollet,

84 386 190 424 illam
219 386 265 423 ab
286 385 473 423 alterutra
491 386 627 424 harum
645 386 857 424 factionum
876 386 1047 424 deletum
1070 387 1126 425 iri.
1184 387 1235 425 Et
1262 388 1487 425 intestinum

84 455 124 491 in
161 454 354 504 plerisque
391 454 611 492 civitatibus
657 459 830 492 coortum
866 459 924 492 est
959 455 1115 502 bellum,
1154 468 1240 493 cum
1287 455 1487 505 Spartanis

84 523 302 572 optimates,
324 523 629 561 Atheniensibus
647 523 778 573 plebes
796 523 1022 573 plerumque
1041 524 1227 562 faverent.
1285 524 1367 562 Iam
1387 524 1485 562 vires

84 592 282 630 ambarum
302 592 439 630 harum
458 593 661 630 nationum
680 592 866 630 attentius
887 591 1144 630 consideranti
1159 592 1371 641 apparebit,
1391 592 1484 630 mari

83 660 352 707 Athenienses,
374 666 477 698 terra
496 661 677 710 Spartam
695 660 904 710 plurimum
922 660 1102 710 potuisse

578 816 762 851 Pericles's
780 815 975 862 Ministry,

137 904 388 945 Ilia—Inde
408 904 540 942 decem
559 918 680 942 annos
700 904 865 941 Pericles
885 909 1085 953 strategus,
1104 904 1143 941 id
1163 909 1232 950 est,
1249 904 1329 942 dux
1349 905 1484 950 factus,

80 973 248 1024 praefuit
275 973 452 1012 Athenis.
509 974 645 1023 Neque
679 973 882 1022 imperium
912 985 1023 1010 suum
1050 973 1089 1010 vi
1117 978 1184 1010 aut
1218 973 1351 1011 fraude
1381 986 1485 1022 prae-

81 1047 181 1080 stare
219 1042 438 1089 conabatur,
476 1041 543 1080 sed
573 1047 617 1079 ut
649 1042 833 1091 privatus,
854 1042 909 1079 ita
941 1041 1047 1078 cuius
1081 1046 1181 1079 esset
1213 1041 1414 1079 facundiae
1447 1048 1486 1080 et

81 1111 291 1161 sapientiae
322 1111 423 1148 cives
456 1110 600 1159 optime
630 1123 759 1159 regere
794 1110 933 1147 calluit.
994 1109 1164 1147 Tantum
1194 1115 1323 1148 autem
1353 1111 1484 1148 aberat

78 1183 122 1216 ut
152 1179 287 1217 eodem
315 1178 430 1216 modo
459 1191 535 1228 quo
566 1178 746 1227 Spartani
765 1178 908 1228 primas
929 1177 1091 1216 militiae
1111 1178 1290 1225 deferret,
1311 1183 1355 1216 ut
1383 1179 1485 1228 pacis

77 1252 178 1286 artes
205 1248 348 1298 gloriae
377 1252 637 1297 anteponeret.
697 1247 753 1284 Eo
782 1252 936 1285 auctore
955 1260 1056 1284 novo
1075 1247 1260 1285 hactenus
1284 1247 1484 1297 splendore

77 1316 202 1354 cultus
236 1316 407 1354 Deorum
435 1316 684 1361 instauratus,
706 1316 852 1365 templa
882 1315 1035 1362 refecta,
1057 1329 1157 1353 nova
1177 1316 1333 1365 insuper
1352 1315 1485 1353 addita

78 1391 178 1424 sunt.
227 1386 394 1436 Magnus
415 1385 532 1423 etiam
552 1385 763 1434 pictoribus
780 1385 1111 1434 sculptoribusque
1126 1385 1247 1422 honos
1262 1385 1484 1430 attributus,

78 1454 249 1503 praemia
276 1467 425 1491 necnon
452 1453 578 1503 poetis
606 1453 697 1491 data
720 1458 821 1500 sunt,
842 1466 1005 1503 quorum
1024 1466 1139 1502 opera
1159 1458 1312 1502 sumptu
1332 1453 1483 1502 publico

78 1523 286 1560 histriones
315 1522 513 1560 docebant.
573 1523 681 1560 Inter
708 1527 840 1571 poetas
860 1522 899 1560 id
919 1523 1104 1572 temporis
1127 1523 1326 1572 praecipue
1347 1522 1485 1560 emine-

78 1592 172 1629 bant
192 1591 416 1640 Aeschylus,
436 1590 652 1640 Sophocles,
676 1591 891 1640 Euripides,
911 1591 1199 1640 Aristophanes,
1223 1590 1359 1639 quibus
1379 1590 1484 1628 nulla

77 1660 154 1697 fere
186 1664 290 1697 aetas
320 1672 439 1708 pares,
461 1672 508 1696 ne
529 1659 653 1696 dicam
673 1660 899 1708 egregiores,
920 1659 1062 1709 genuit.
1122 1658 1205 1705 Qua
1225 1658 1424 1707 disciplina
1444 1664 1482 1696 et

78 1727 234 1765 vivendi
267 1728 415 1765 ratione
449 1727 716 1764 humanissimi
748 1728 841 1764 facti
873 1732 962 1764 sunt
991 1727 1100 1772 cives,
1132 1740 1290 1776 quorum
1322 1727 1480 1775 quisque

77 1797 276 1842 libertatis,
309 1796 521 1842 literarum,
541 1796 712 1833 Deorum
741 1795 905 1844 denique
934 1808 972 1833 se
1003 1795 1193 1832 vindicem
1225 1808 1303 1832 esse
1331 1795 1481 1844 profite-

78 1866 202 1902 batur.

507 1974 584 2009 The
601 1974 719 2009 Plans
738 1974 785 2020 of
795 1974 853 2009 the
872 1973 1045 2009 Leaders.

133 2063 390 2103 l50.—Tum
436 2076 527 2101 vero
572 2063 738 2100 Pericles
783 2063 940 2100 minime
986 2063 1141 2113 ignarus
1186 2062 1348 2100 maiores
1398 2076 1479 2100 esse

76 2132 353 2181 Spartanorum
387 2131 576 2169 exercitus
613 2144 728 2181 quam
762 2132 900 2180 quibus
936 2131 1062 2168 resisti
1093 2135 1232 2180 posset,
1264 2130 1477 2168 Athenien-

71 2201 174 2238 sibus
204 2205 335 2238 auctor
364 2200 437 2237 fuit
471 2200 509 2237 in
538 2201 671 2238 urbem
701 2213 738 2238 se
759 2200 967 2249 recipiendi
989 2200 1019 2237 si
1041 2199 1195 2248 quando
1225 2199 1272 2236 ab
1301 2199 1477 2237 hostibus

75 2268 114 2304 in
146 2269 240 2305 fines
273 2281 404 2305 eorum
432 2268 555 2305 factus
584 2273 683 2306 esset
711 2269 884 2317 impetus
954 2269 1017 2305 An
1046 2268 1085 2305 id
1114 2281 1181 2305 sua
1209 2268 1361 2314 referre,
1391 2281 1475 2305 cum

77 2336 267 2374 frumento
298 2337 504 2384 importato
534 2338 590 2374 uti
622 2338 781 2374 liceret?
849 2338 1046 2386 Spartanis
1077 2337 1200 2374 multo
1231 2337 1316 2387 plus
1345 2337 1474 2375 damni
