1559 2463
100 64 147 99 66
325 64 560 101 SECOND
587 65 779 101 LATJN
797 66 1075 103 READJNG
1102 66 1271 104 BOOK.
1308 65 1427 117 [PART
1448 79 1488 104 11.

99 174 138 206 et
157 182 269 218 opere
289 171 437 220 egregie
456 171 656 208 munitum.
715 171 850 220 Neque
869 177 998 209 autem
1017 172 1181 210 Graecos
1196 173 1332 210 fefellit
1346 174 1493 220 Persas,
1513 163 1515 167 Ι

99 236 172 273 nisi
204 237 250 274 iis
282 238 483 287 abreptum
516 243 614 275 esset
646 238 887 287 Byzantium,
922 239 1036 277 missa
1068 240 1184 278 classe
1217 254 1301 278 cum
1333 241 1494 279 navibus

100 304 331 342 Graecorum
353 319 486 343 nocere
512 319 631 355 posse,
653 310 736 343 tum
766 307 1050 356 expeditionem
1080 307 1121 345 in
1148 308 1270 357 ipsam
1298 308 1494 346 Graeciam

99 385 230 410 rursus
261 374 461 422 suscipere.
533 374 670 423 Itaque
701 374 795 411 socii
823 375 1015 413 Pausania
1043 376 1138 413 duce
1166 376 1400 425 Byzantium
1428 377 1495 414 diu

99 440 295 477 obsessum
309 441 347 478 in
362 441 599 479 deditionem
614 447 849 492 acceperunt.
895 443 940 480 Id
957 448 1086 481 autem
1101 457 1236 493 operae
1253 449 1311 481 est
1325 444 1495 481 animum

99 507 312 554 advertere,
344 521 534 546 summum
565 499 767 558 imperium
799 514 957 548 eatenus
985 524 1101 560 penes
1129 511 1338 560 Spartanos
1366 512 1494 558 fuisse,

100 577 274 626 quamvis
298 591 366 627 per
384 578 642 616 Athenienses
670 579 839 616 stetisset
859 579 1062 628 quominus
1083 579 1243 617 Graecia
1261 594 1283 617 a
1302 580 1427 617 Persis
1456 581 1496 617 in

100 646 319 694 provinciae
339 646 502 683 formam
522 647 676 684 redacta
704 653 815 685 esset.
872 648 1007 697 Neque
1035 648 1074 684 id
1103 648 1359 686 Athenienses
1387 662 1497 698 aegre

99 713 284 759 ferebant,
305 727 391 752 cum
411 715 592 753 Graeciae
620 715 800 764 prodesse
821 729 935 765 quam
956 716 1150 753 voluntati
1169 729 1257 754 suae
1281 716 1496 754 satisfacere

100 783 269 820 mallent.

505 887 579 923 lee
606 888 798 933 Treaclmy
816 887 864 933 (ff
874 888 1100 923 Pausanias.

157 978 380 1017 137.—Sed
398 979 616 1023 Pausanias,
631 979 769 1016 certior
784 979 907 1016 faetus
923 983 1066 1028 quanto
1083 991 1195 1027 opere
1211 979 1347 1016 Persae
1363 979 1498 1028 opibus

102 1046 236 1083 ceteris
268 1047 447 1095 gentibus
480 1052 733 1096 praestarent,
768 1047 846 1096 ipse
880 1060 947 1084 rex
976 1047 1057 1084 fieri
1087 1047 1253 1096 cupiens,
1288 1047 1416 1084 literas
1449 1047 1497 1084 ad

102 1115 271 1152 Xerxem
302 1116 419 1161 misit,
439 1116 538 1153 velle
569 1129 608 1153 se
641 1116 757 1153 filiam
789 1116 889 1165 regis
919 1116 958 1152 in
988 1115 1276 1152 matrimonium
1305 1115 1442 1152 ducere
1462 1119 1500 1152 et

120 1184 300 1221 {raeciam
321 1185 446 1221 Persis
466 1185 628 1222 tradere.
685 1185 792 1222 Idem
816 1185 960 1234 priseae
982 1184 1257 1233 Spartanorum
1277 1183 1499 1232 disciplinae

101 1252 301 1289 immemor
320 1252 437 1302 regali
474 1252 552 1290 fere
572 1252 665 1289 luxu
686 1252 753 1299 uti,
775 1252 1004 1289 satellitibus
1030 1252 1163 1301 stipari
1183 1252 1319 1297 Persis,
1340 1252 1499 1288 iniurias

102 1321 258 1358 Graecis
286 1321 437 1368 inferre,
465 1322 571 1359 velut
601 1322 676 1358 iam
706 1334 822 1370 gener
851 1320 950 1369 regis
978 1321 1099 1357 factus
1128 1324 1234 1356 esset.
1295 1319 1405 1366 Quod
1434 1319 1500 1355 ubi

103 1389 303 1437 Spartanis
340 1390 546 1439 cognitum,
590 1389 798 1426 Pausanias
835 1389 991 1426 domum
1030 1388 1230 1425 arcessitus
1271 1387 1500 1437 proditionis

103 1463 310 1504 accusatur,
333 1471 455 1507 neque
476 1459 529 1496 ita
548 1458 670 1496 multo
698 1462 785 1507 post
813 1458 853 1494 in
881 1458 983 1503 fano,
1004 1470 1079 1506 quo
1108 1470 1146 1494 se
1174 1461 1378 1505 receperat,
1400 1455 1499 1492 fame

104 1527 317 1564 exstinctus
354 1532 421 1564 est.
497 1528 659 1564 Interim
696 1527 808 1563 Iones
846 1526 1003 1563 iniurias
1035 1525 1252 1573 fastumque
1290 1523 1499 1561 Pausaniae

103 1596 309 1645 aegerrime
335 1596 512 1642 ferentes,
532 1602 576 1633 ut
604 1596 718 1633 duces
746 1595 1042 1632 Atheniensium
1071 1594 1178 1631 classi
1208 1593 1501 1642 praeficerentur

104 1664 286 1713 flagitant.
346 1665 481 1713 Itaque
510 1678 591 1702 cum
624 1665 703 1701 dux
731 1664 827 1701 alius
846 1677 867 1700 a
887 1663 1085 1712 Spartanis
1104 1663 1240 1699 missus
1268 1661 1316 1698 ad
1344 1661 1500 1698 classem

103 1732 350 1781 pervenisset,
368 1733 492 1770 eidem
507 1746 637 1781 parere
650 1733 833 1770 nolebant
848 1732 959 1769 Iones
975 1747 981 1768 :
1010 1731 1164 1768 aiebant
1179 1731 1292 1768 etiam
1307 1729 1501 1778 poenitere

105 1812 143 1836 se
164 1800 266 1848 quod
288 1801 487 1850 Spartanis
507 1801 655 1838 tamdiu
674 1801 899 1850 paruissent.

434 1966 509 2003 Τίτε
528 1967 694 2014 Spartan
714 1967 796 2002 ancl
809 1966 999 2002 Athenian
1019 1966 1185 2011 Leagues.

163 2057 422 2096 iss—Duae
455 2058 544 2095 inde
578 2058 776 2095 societates
808 2058 941 2102 factae,
975 2068 1134 2105 quarum
1162 2055 1271 2092 alteri
1303 2059 1502 2103 praeerant

108 2126 300 2175 Spartani,
334 2127 445 2164 alteri
472 2127 740 2164 Athenienses.
810 2126 945 2174 Neque
975 2125 1107 2162 eadem
1136 2123 1208 2160 sibi
1235 2124 1501 2173 proponebant

107 2195 173 2243 qui
197 2195 258 2232 his
285 2195 529 2232 societatibus
559 2209 596 2232 se
624 2194 903 2240 adiunxerant3
933 2192 1112 2242 Spartani
1140 2192 1242 2228 enim
1270 2197 1371 2228 terra
1398 2204 1501 2240 prae-

106 2263 293 2312 pollentes
325 2268 458 2312 gentes
484 2263 832 2311 PeloponnesiacaS,
861 2266 900 2298 et
929 2261 960 2297 si
983 2273 1057 2310 qua
1084 2259 1157 2297 alia
1185 2259 1319 2296 civitas
1346 2264 1502 2308 propter

105 2332 275 2380 inopiam
303 2332 459 2369 navium
486 2337 553 2368 aut
580 2331 786 2369 simultatis
814 2342 944 2367 caussa
970 2328 1272 2366 Atheniensibus
1300 2327 1499 2373 diffideret,
1532 2342 1558 2463 ij
