1559 2463
96 61 168 96 130
303 47 540 85 SECOND
568 48 760 84 LATIN
779 48 1058 87 READING
1086 49 1257 86 BOOK.
1293 46 1411 99 [PART
1432 59 1489 87 111.

89 155 207 194 saucii
244 155 405 193 subinde
450 155 723 202 moriebantur,
760 167 829 193 nec
866 168 978 193 causa
1022 159 1102 193 tam
1139 160 1315 194 strenuae
1359 155 1495 194 mortis

90 224 299 274 excogitari
318 228 471 274 poterat
498 237 520 262 a
538 224 706 271 medicis,
730 237 815 262 cum
835 224 951 262 etiam
979 224 1082 263 leves
1101 224 1235 274 plagae
1263 224 1493 262 insanabiles

89 297 225 332 essent.
299 293 459 331 Barbari
496 297 625 331 autem
663 297 909 341 speraverant
929 293 1139 343 *incautum
1177 297 1215 330 et
1248 293 1491 331 temerarium

89 375 217 412 regem
255 360 379 410 excipi
415 373 533 409 posse.
612 361 650 397 Is
688 360 788 398 forte
825 360 926 399 inter
962 361 1269 410 promptissimos
1306 360 1492 399 dimicans

88 431 254 468 intactus
268 434 449 467 evaserat.
507 429 715 478 Praecipue
731 429 985 475 Ptolemaeus,
1005 443 1117 479 quem
1138 443 1185 467 ex
1202 430 1331 467 amicis
1347 430 1495 479 potissi-

88 512 194 536 mum
214 498 410 548 diligebat,
431 498 539 536 laevo
559 498 718 536 humero
746 497 884 535 leviter
903 498 1059 547 quidem
1079 499 1239 545 saucius,
1262 499 1328 536 sed
1348 498 1492 536 maiore

89 568 257 618 periculo
287 581 402 618 quam
434 567 592 605 vulnere
625 568 782 604 affectus
815 566 914 617 regis
944 567 1242 605 sollicitudinem
1274 568 1314 604 in
1343 580 1381 604 se
1410 580 1494 605 con-

87 641 264 675 verterat.
341 636 451 673 Idem
483 635 649 685 corporis
682 640 808 673 custos
840 636 1224 685 promptissimusque
1257 636 1419 673 bellator
1456 640 1495 673 et

90 706 194 755 pacis
228 705 376 743 artibus
406 718 522 755 quam
550 705 710 742 militiae
740 705 862 742 maior
894 709 932 742 et
960 705 1107 752 clarior,
1137 706 1286 743 modico
1316 705 1493 754 civilique

90 774 207 820 cultri,
239 773 407 811 liberalis
436 773 475 810 in
504 773 638 823 primis
669 773 854 823 adituque
882 773 997 819 facili,
1027 773 1123 811 nihil
1155 787 1202 812 ex
1235 774 1336 812 fastu
1368 773 1493 825 regiae

91 846 360 892 assumpserat.

590 943 628 978 T
623 942 666 978 lle
684 940 821 989 King's
840 943 994 979 Dream.
1030 979 1033 982 ,

143 1033 368 1075 266.-Ob
404 1033 497 1071 haee
534 1034 615 1083 regi
653 1047 701 1071 an
739 1034 985 1084 popularibus
1024 1036 1145 1073 carior
1181 1039 1292 1082 esset,
1327 1036 1496 1074 dubitari

90 1107 252 1154 poterat,
274 1116 362 1140 nam
391 1115 469 1139 non
497 1102 618 1140 levior
637 1102 712 1140 illis
740 1103 952 1141 Ptolemaei
981 1103 1054 1141 fuit
1075 1117 1164 1141 cura
1183 1117 1296 1153 quam
1316 1105 1407 1154 regi,
1429 1105 1495 1154 qui

90 1177 129 1210 et
166 1171 310 1221 proelio
348 1174 386 1208 et
423 1170 678 1208 sollicitudine
712 1170 884 1208 defessus
921 1185 1007 1209 cum
1040 1172 1260 1210 Ptolemaeo
1297 1173 1493 1219 assideret,

90 1241 243 1286 lectum,
278 1240 318 1276 in
355 1252 430 1288 quo
468 1239 549 1288 ipse
587 1239 732 1288 aliquid
766 1240 889 1277 somni
918 1245 1080 1289 caperet,
1110 1240 1244 1278 inferri
1272 1240 1390 1279 iussit.
1449 1241 1495 1279 In

92 1321 205 1358 quem
234 1312 277 1344 ut
307 1320 345 1345 se
378 1307 532 1357 recepit,
561 1307 736 1356 protinus
767 1308 879 1345 altior
906 1308 1099 1347 insecutus
1128 1313 1186 1346 est
1214 1322 1377 1347 somnus.
1436 1308 1495 1347 Ex

91 1391 167 1428 quo
196 1377 384 1415 excitatus
416 1390 484 1426 per
512 1377 680 1426 quietem
708 1377 848 1415 vidisse
877 1391 914 1416 se
944 1378 1104 1428 exponit
1133 1378 1295 1428 speciem
1323 1378 1497 1415 draconis

93 1446 272 1491 oblatam,
312 1445 471 1482 herbam
508 1444 665 1482 ferentis
711 1458 785 1491 ore,
826 1459 940 1494 quam
977 1446 1115 1483 veneni
1161 1446 1371 1483 remedium
1417 1459 1497 1483 esse

92 1517 364 1552 monstrasset:
395 1512 557 1550 colorem
587 1525 737 1561 quoque
765 1513 905 1551 herbae
934 1514 1136 1561 referebat,
1157 1514 1377 1564 agniturum
1405 1527 1496 1561 sese,

93 1583 124 1619 si
144 1582 228 1631 quis
256 1580 470 1630 reperisset,
492 1580 728 1618 confirmans.
788 1581 993 1618 Inventam
1014 1581 1297 1619 deinde—nam
1317 1595 1338 1619 a
1365 1581 1498 1618 multis

96 1650 210 1688 simul
231 1653 313 1687 erat
332 1648 722 1697 requisita—vulneri
742 1649 926 1698 imposuit
943 1665 948 1687 :
977 1650 1229 1699 protinusque
1246 1650 1375 1687 dolore
1391 1650 1499 1687 finito

97 1721 199 1757 intra
219 1720 333 1756 breve
352 1717 519 1767 spatium
539 1717 696 1754 cicatrix
717 1731 869 1767 quoque
883 1718 1050 1756 obducta
1066 1724 1131 1757 est.
1191 1719 1350 1756 Barbari
1368 1723 1500 1768 postea

96 1801 160 1837 spe
181 1787 280 1836 regis
300 1785 555 1824 interficiendi
575 1785 713 1823 deiecti
734 1799 772 1824 se
792 1786 893 1836 ipsos
913 1787 1123 1837 urbemque
1144 1788 1385 1825 dediderunt.

494 1945 572 1980 The
587 1945 727 1981 Indiam
754 1945 871 1982 Ocecm
891 1947 923 1982 [s
943 1947 1099 1983 reached.

150 2037 251 2076 267.
266 2035 450 2073 —Postea
469 2035 691 2073 Alexander
710 2035 889 2086 cupidine
908 2036 1057 2075 visendi
1078 2037 1272 2075 Oceanum
1294 2042 1499 2087 correptus

97 2118 174 2143 non
196 2105 275 2142 sine
296 2104 475 2154 periculis
490 2108 646 2153 propter
666 2109 794 2141 aestus
813 2105 1036 2152 maritimos,
1054 2106 1119 2155 qui
1140 2118 1289 2143 amnem
1309 2105 1500 2150 subibant,

99 2177 138 2210 et
166 2177 372 2209 nautarum
400 2172 644 2221 imperitiam,
666 2172 936 2210 collidentibus
964 2174 1066 2211 inter
1085 2187 1123 2211 se
1151 2174 1323 2219 navibus,
1346 2172 1501 2210 tandem

100 2241 182 2279 voti
202 2241 261 2279 sui
281 2254 434 2290 compos
450 2240 634 2278 redditur.
693 2241 792 2278 Tum
813 2242 988 2281 Nearcho
1008 2244 1183 2280 nauticae
1203 2243 1257 2280 rei
1272 2242 1502 2292 peritissimo

99 2309 312 2359 imperavit,
353 2313 397 2346 ut
442 2308 696 2347 validissimas
742 2310 898 2348 navium
953 2311 1158 2349 deduceret
1204 2311 1242 2347 in
1298 2310 1500 2355 Oceanum,
