1559 2463
73 56 143 79 120
277 44 516 81 SECOND
543 43 731 79 LATJN
753 43 1033 80 READJNG
1062 42 1234 80 BOOK.
1265 39 1386 92 [PART
1407 53 1465 79 111.

68 153 187 191 Cuius
205 154 414 203 pertinacia
433 154 608 191 exterriti
636 153 726 191 Indi
753 158 870 191 noctu
888 166 957 203 per
974 154 1127 203 ignotos
1146 153 1258 191 calles
1277 154 1318 191 in
1336 153 1466 204 fugam

68 234 106 259 se
134 226 368 271 receperunt.
425 222 511 259 Rex
538 222 708 259 locorum
735 221 855 271 magis
883 234 998 271 quam
1026 221 1195 259 hostium
1214 221 1336 259 vietor
1361 221 1469 259 sacri-

67 290 152 328 ficia
170 290 210 327 in
229 290 414 328 honorem
433 289 592 328 deorum
612 290 713 328 fecit.

580 448 617 484 A
627 447 800 495 friendly
819 448 867 484 K
863 448 935 495 ing.

119 547 387 587 245—Hi110
408 546 456 584 ad
476 547 618 584 flumen
639 546 781 583 Indum
801 546 920 584 sextis
940 546 1097 584 decimis
1122 549 1254 586 castris
1282 550 1468 598 pervenit.

66 616 271 665 Regnabat
298 616 339 653 in
368 629 412 653 ea
439 615 594 665 regione
615 614 788 665 Omphis,
810 615 876 664 qui
904 616 1005 664 patri
1024 629 1176 666 quoque
1196 617 1323 655 fuerat
1341 623 1472 656 auctor

67 684 235 723 dedendi
271 684 379 735 regni
416 683 654 730 Alexandro,
693 688 732 722 et
768 688 856 733 post
901 689 1065 722 mortem
1110 686 1281 734 parentis
1326 686 1470 736 legatos

68 753 234 800 miserat,
257 753 323 803 qui
343 753 585 791 consulerent
604 766 702 799 eum,
720 758 850 790 utrum
870 766 1027 803 regnare
1047 767 1085 792 se
1105 754 1260 792 interim
1274 756 1400 802 vellet,
1422 770 1469 794 an

68 822 263 871 privatum
283 822 448 871 opperiri
477 822 557 859 eius
586 821 806 859 adventum.
864 821 999 871 Itaque
1018 823 1189 860 venienti
1213 824 1366 861 obviam
1385 838 1470 862 cum

69 895 216 928 armato
253 890 424 928 exercitu
463 903 636 940 egressus
674 894 757 927 est:
804 889 996 939 elephanti
1034 904 1185 940 quoque
1221 905 1288 941 per
1323 893 1472 931 modica

69 959 273 997 intervalla
300 959 468 996 militum
499 958 643 1008 agmini
674 958 842 995 immixti
874 958 1003 1007 procul
1037 959 1277 997 castellorum
1310 961 1472 1011 speciem

69 1027 201 1065 fecere.
258 1027 316 1065 Ae
344 1028 467 1077 primo
496 1026 718 1064 Alexander
746 1040 822 1064 non
849 1027 992 1064 socium
1011 1028 1078 1065 sed
1097 1028 1246 1066 hostem
1266 1029 1472 1067 adventare

69 1100 174 1134 ratus
212 1096 364 1146 signum
400 1109 551 1146 pugnae
593 1095 709 1134 dedit.
768 1096 823 1133 At
859 1096 989 1143 Indus,
1030 1098 1182 1147 cognito
1215 1098 1471 1137 Macedonum

69 1177 208 1211 errore,
229 1165 330 1203 solus
349 1165 429 1214 regi
451 1165 603 1202 obviam
622 1164 758 1211 factus,
779 1164 871 1214 quid
891 1178 979 1203 suae
999 1166 1209 1203 sententiae
1226 1166 1286 1213 sit,
1301 1167 1469 1216 exponit.

70 1233 217 1280 Quibus
245 1233 387 1272 auditis
419 1246 487 1271 rex
519 1233 641 1271 laetus
674 1233 851 1271 dextram
879 1233 968 1270 fidei
998 1234 1135 1284 pignus
1166 1234 1283 1281 dedit,
1311 1248 1472 1285 regnum

68 1301 251 1339 restituit.
307 1301 480 1351 Omphis,
519 1301 768 1350 permittente
806 1301 1041 1348 Alexandro,
1075 1306 1114 1339 et
1145 1303 1291 1352 regium
1323 1302 1471 1352 insigne

70 1371 243 1419 sumpsit,
266 1375 304 1407 et
323 1383 427 1408 more
446 1371 572 1420 gentis
591 1383 680 1408 suae
708 1383 848 1408 nomen
868 1369 971 1419 quod
990 1371 1111 1419 patris
1130 1370 1256 1408 suerat
1274 1386 1280 1408 :
1310 1371 1471 1409 Taxilen

70 1439 309 1487 appellavere
328 1441 541 1488 populares,
562 1444 745 1489 sequente
774 1439 927 1476 nomine
955 1440 1169 1489 imperium,
1190 1440 1229 1476 in
1258 1453 1472 1489 quemcum-

70 1520 143 1556 que
164 1507 352 1545 transiret.

530 1650 654 1686 Porus
674 1649 824 1686 resolves
844 1653 877 1684 to
897 1649 1010 1685 resz'st.

123 1757 427 1798 246.—-Postea
445 1769 572 1806 regem
593 1757 652 1793 cui
671 1769 811 1793 nomen
824 1756 923 1793 Poro
939 1761 1038 1794 esset
1052 1756 1091 1793 in
1107 1757 1221 1794 armis
1237 1769 1317 1794 esse
1333 1757 1470 1794 certior

69 1825 203 1872 factus,
225 1839 292 1863 rex
320 1826 477 1863 nuntios
504 1826 611 1862 misit
629 1826 695 1874 qui
723 1825 996 1862 denuntiarent
1015 1826 1049 1862 ei
1068 1830 1111 1862 ut
1130 1826 1366 1874 stipendium
1384 1839 1472 1875 pen-

71 1895 189 1940 deret,
221 1899 259 1931 et
287 1895 326 1931 in
354 1895 479 1944 primo
508 1907 663 1931 suorum
690 1894 824 1931 finium
853 1894 961 1931 aditu
993 1900 1206 1932 occurreret
1234 1895 1470 1934 Alexandro.

71 1964 192 2000 Porus
212 1963 374 2001 alterum
403 1976 451 2000 ex
478 1963 538 2000 his
565 1963 757 2000 facturum
776 1976 855 2000 sese
881 1962 1100 2011 respondit:
1130 1963 1292 2000 intranti
1310 1976 1469 2013 regnum

71 2045 181 2069 suum
211 2037 363 2081 praesto
396 2032 487 2077 fore,
522 2031 588 2068 sed
621 2035 820 2068 armatum.
877 2031 972 2068 Mox
1003 2031 1051 2068 ad
1082 2044 1232 2068 amnem
1258 2031 1469 2081 Hydaspen

70 2106 298 2150 perventum
318 2106 387 2146 est,
408 2100 513 2137 cuius
533 2101 572 2137 in
592 2100 771 2137 ulteriore
799 2100 882 2149 ripa
910 2100 1031 2137 Porus
1050 2099 1281 2146 consederat,
1304 2101 1470 2138 transitu

70 2169 334 2218 prohibiturus
353 2168 493 2206 hostes.
550 2168 717 2217 Magnae
745 2168 861 2206 etiam
881 2168 1053 2217 equitum
1071 2168 1320 2217 peditumque
1340 2169 1468 2218 copiae

70 2238 108 2274 in
139 2237 216 2274 acie
245 2237 410 2283 stabant,
440 2250 526 2274 cum
553 2250 691 2286 magna
718 2237 757 2274 vi
786 2236 1084 2285 elephantorum.
1144 2236 1285 2273 Porum
1304 2236 1469 2274 vehebat

69 2305 306 2354 elephantus,
346 2318 459 2353 super
495 2310 638 2342 ceteras
674 2305 806 2342 beluas
846 2304 1030 2350 eminens,
1068 2317 1248 2353 armaque
1294 2317 1386 2341 auro
1432 2309 1471 2341 et
