1559 2463
121 93 166 127 26
345 92 581 130 SECOND
609 92 799 128 LATJN
818 93 1094 130 READJNG
1123 93 1289 130 BOOK.
1348 90 1469 142 [PART
1489 104 1511 128 Ι.

550 205 689 242 Fabius
710 205 848 241 retakes
875 207 1081 241 Tarentum.

170 296 393 336 53.—Inde
422 296 617 334 Hannibal
651 296 842 346 praesidio
872 297 911 333 in
948 297 1040 334 urbe
1072 296 1204 334 relicto
1233 310 1318 334 cum
1347 297 1516 334 exercitu

117 364 299 402 discessit.
345 365 491 412 Quibus
511 365 652 402 auditis
667 365 807 402 Fabius
823 378 935 414 quam
956 365 1149 402 celerrime
1167 365 1294 414 potuit
1309 364 1517 402 Tarentum

117 433 325 471 contendit.
383 433 540 470 Veritus
572 438 701 470 autem
733 446 780 471 ne
810 433 962 471 Poenus
995 434 1156 471 obsessis
1188 433 1438 471 auxiliaretur
1470 433 1518 471 ad

117 502 249 539 dolum
282 514 321 539 se
354 501 524 539 contulit.
584 501 783 539 Praefecto
819 501 924 538 urbis
956 506 1134 551 corrupto
1167 501 1331 538 Romani
1366 514 1517 539 murum

118 570 381 608 ascenderunt.
455 570 520 608 Fit
557 575 702 620 strages
739 571 979 608 Poenorum:
1025 570 1116 607 urbs
1152 570 1292 607 iterum
1328 569 1518 619 praesidio

120 639 294 677 Romano
326 640 509 677 munitur.
567 639 667 677 Tum
694 639 835 676 Fabius
865 639 1084 685 Salinatori,
1114 639 1178 688 qui
1211 639 1347 676 amisso
1377 638 1519 688 oppido

121 707 272 757 fugerat
290 708 329 745 in
350 721 484 754 arcem,
506 708 689 758 glorianti
715 712 829 757 atque
846 708 900 744 ita
916 707 1069 754 dicenti,
1092 707 1181 744 Mea
1200 720 1324 756 opera,
1347 707 1389 754 Q.
1413 706 1517 752 Fabi,

121 775 333 813 Tarentum
352 776 528 825 recepisti
546 792 551 813 :
581 775 706 821 Certe,
724 776 850 824 inquit
868 775 997 812 ridens
1016 791 1022 813 ;
1052 789 1141 813 nam
1164 776 1237 812 nisi
1257 780 1298 812 tu
1319 775 1519 821 amisisses,

120 857 189 893 ego
209 857 406 893 nunquam
426 845 660 893 recepissem.
719 843 869 881 Poenus
890 844 981 893 quid
1002 843 1200 881 accidisset
1225 844 1363 881 certior
1384 844 1520 889 factus,

121 919 160 951 et
188 913 371 950 Romanis
400 926 480 950 esse
509 925 620 950 suum
648 912 907 950 Hannibalem
940 914 1134 950 confessus
1166 917 1246 959 est3
1288 911 1420 949 eadem
1449 924 1522 962 qua

121 983 201 1032 ipse
222 983 383 1031 cepisset
403 987 483 1019 arte
504 981 714 1019 Tarentum
735 982 916 1018 amissum
936 994 1025 1018 esse.

596 1125 636 1161 T
629 1125 673 1160 lte
690 1125 820 1160 Battle
835 1124 878 1171 of
896 1124 1054 1160 Cannae.

178 1216 474 1267 54.-—Pigebat
495 1221 626 1255 tamen
651 1216 811 1254 inertiae
836 1215 1040 1261 Romanos,
1062 1215 1205 1252 veritos
1231 1215 1343 1252 simul
1370 1228 1416 1252 ne
1436 1215 1526 1253 Itali

125 1299 163 1324 se
201 1299 287 1323 cum
331 1286 442 1324 hoste
488 1286 773 1335 coniungerent.
843 1284 980 1334 Itaque
1017 1284 1189 1321 consules
1225 1284 1373 1334 magnis
1410 1284 1527 1333 copiis

125 1355 308 1405 praefecti
339 1354 441 1404 apud
471 1354 598 1391 vicum
630 1353 696 1403 qui
726 1353 880 1391 Cannae
914 1352 1177 1402 appellabatur
1208 1352 1248 1389 in
1280 1352 1429 1389 Poenos
1461 1353 1527 1389 im-

125 1429 257 1473 petum
276 1424 458 1462 fecerunt.
503 1423 626 1460 Fusus
646 1422 875 1472 fugatusque
896 1427 954 1459 est
973 1422 1169 1459 Romanus
1188 1421 1387 1466 exercitus,
1404 1433 1526 1470 neque

127 1505 287 1542 usquam
314 1492 487 1541 graviore
516 1491 673 1528 vulnere
702 1491 840 1528 afflicta
868 1495 925 1528 est
952 1489 1176 1539 respublica.
1235 1489 1370 1538 Neque
1398 1494 1526 1526 tamen

127 1561 220 1599 urbe
257 1561 374 1611 potiri
402 1561 524 1598 victor
560 1560 688 1609 potuit
718 1559 876 1596 minime
912 1559 1067 1608 ignarus
1104 1558 1244 1595 multas
1281 1558 1455 1595 civitates
1488 1558 1527 1594 in

128 1631 308 1667 societate
341 1629 602 1666 Romanorum
639 1640 871 1677 permanere.
937 1627 1099 1664 Interim
1132 1626 1297 1664 Romani
1335 1626 1452 1675 copiis
1488 1626 1528 1662 in

129 1697 357 1747 Hispaniam
375 1697 501 1734 missis
521 1696 815 1741 Hasdrubalem,
835 1695 993 1732 fratrem
1013 1694 1253 1741 Hannibalis,
1269 1694 1530 1743 impediebant

129 1766 341 1804 Hannibali
360 1765 572 1803 subvenire.
628 1765 764 1814 Itaque
784 1764 936 1801 Poenus
955 1764 1102 1801 nuntiis
1118 1763 1390 1812 Carthaginem
1406 1762 1529 1799 missis

129 1835 254 1872 oravit
281 1839 325 1871 ut
353 1834 636 1883 quamprimum
664 1833 793 1882 copiae
822 1833 861 1869 in
891 1832 1044 1870 Italiam
1072 1833 1329 1877 mitterentur,
1359 1831 1531 1880 alioquin

130 1904 325 1940 Romanos
349 1902 513 1939 invictos
543 1902 633 1939 fore.
711 1901 832 1948 Quam
861 1902 1091 1951 legationem
1120 1905 1347 1950 spreverunt
1375 1899 1531 1937 Cartha-

130 1972 333 2021 ginienses,
354 1971 508 2008 aiebant
537 1971 639 2007 enim
668 1982 754 2006 eum
775 1970 839 2019 qui
863 1975 922 2007 tot
941 1969 1119 2006 victorias
1139 1969 1185 2005 de
1206 1968 1390 2005 Romanis
1409 1980 1532 2016 repor-

132 2045 252 2077 tasset
270 2040 362 2076 satis
382 2039 580 2076 hominum
600 2039 749 2076 habere.

626 2193 764 2239 Dejseat
781 2192 826 2239 os
837 2192 1046 2228 Hannibal.

188 2283 455 2333 55.—Itaque
472 2283 668 2320 Hannibal
689 2283 735 2320 (le
756 2282 853 2320 male
870 2282 987 2331 gestis
1007 2282 1045 2318 in
1060 2281 1249 2330 Hispania
1268 2280 1380 2316 rebus
1400 2279 1537 2315 certior

137 2352 270 2398 factus,
292 2364 416 2400 neque
437 2351 553 2388 ullam
583 2364 688 2400 spem
707 2356 773 2387 aut
793 2351 865 2387 sibi
886 2356 951 2387 aut
980 2349 1088 2386 fratri
1109 2347 1391 2397 supersuturam
1419 2351 1535 2393 ratus,
