1559 2463
53 45 236 96 PART11.]
425 46 695 83 HISTORY
718 47 793 83 OF
818 46 1066 83 GREECE.
1405 59 1450 95 79

51 157 163 194 victis
207 157 509 194 Atheniensibus
555 162 594 193 et
640 157 688 193 ab
734 156 934 193 obsidione
972 156 1157 194 desistere
1195 157 1344 194 coactis.
1404 158 1454 194 Et

51 224 234 274 oppidani
271 225 336 274 qui
373 230 486 262 antea
520 224 706 262 invictam
743 224 1042 261 Atheniensium
1070 225 1229 262 classem
1256 226 1451 271 rebantur,

52 305 225 330 successu
243 297 325 330 tam
342 293 538 342 insperato
567 292 709 330 sublati
738 305 855 330 naves
883 306 1029 330 armare
1059 306 1144 330 cum
1172 294 1282 331 hoste
1310 294 1454 343 proelio

51 359 292 397 decertaturi.
352 360 450 397 Tum
469 360 599 398 Nicias
620 360 668 397 ad
688 360 789 397 cives
809 361 1004 409 rescripsit
1024 374 1136 398 orans
1165 367 1209 398 ut
1237 375 1353 411 quam
1381 362 1455 411 pri-

50 442 156 465 mum
175 429 345 466 subsidio
365 430 437 467 sibi
456 430 585 479 copiae
613 429 886 466 mitterentur:
916 429 1029 466 simul
1056 430 1157 467 vires
1186 430 1354 479 corporis
1383 431 1455 468 sibi

52 496 222 543 deficere,
244 510 367 547 neque
387 511 426 535 se
446 502 555 535 tanto
577 498 683 535 oneri
702 497 861 535 serendo
881 511 1011 547 parem
1031 511 1112 536 esse
1132 498 1265 536 docet:
1294 499 1457 548 proinde

53 564 189 602 ducem
209 565 325 602 alium
345 566 530 616 eligerent
549 566 615 615 qui
643 565 830 603 exercitui
858 566 1141 614 praeficeretur.
1196 567 1456 605 Athenienses

53 637 183 670 autem
219 634 327 682 parvi
364 648 445 672 rem
481 634 666 671 facientes
702 647 832 683 preces
870 640 1108 683 spreverunt.
1166 634 1330 673 Ineunte
1367 649 1456 673 vere

53 702 180 739 classis
217 702 515 740 Atheniensium
552 702 704 740 devicta
741 707 810 748 est,
839 716 979 752 magno
1017 704 1129 741 simul
1168 704 1401 743 detrimento
1435 719 1458 743 a

52 769 293 818 pedestribus
313 772 432 821 copiis
453 776 617 821 accepto.

494 931 531 966 A
536 931 686 966 tllem'an
705 930 1025 976 Rel'nfm‘cemellts.

111 1025 350 1066 164.—Iam
395 1035 544 1059 summa
588 1021 737 1058 laetitia
783 1022 908 1059 affecti
956 1022 1185 1071 Syracusani
1230 1024 1332 1073 quod
1378 1029 1457 1062 tam

53 1095 242 1144 insignem
262 1091 463 1130 victoriam
491 1095 797 1138 reportaverunt,
819 1090 866 1127 de
886 1090 1193 1128 Atheniensibus
1222 1096 1349 1129 actum
1378 1106 1459 1130 esse

55 1163 350 1200 existimabant:
388 1160 444 1197 illi
477 1165 611 1196 contra
641 1159 731 1208 quia
763 1172 840 1196 non
874 1159 1045 1196 vicerant
1082 1174 1150 1209 pro
1188 1161 1299 1197 victis
1338 1168 1458 1207 erant,

54 1244 178 1280 neque
215 1244 300 1279 spes
328 1228 405 1265 ulla
433 1227 567 1264 salutis
595 1227 759 1275 relinqui
787 1227 1002 1265 videbatur.
1062 1228 1138 1265 Sed
1166 1229 1233 1266 vix
1261 1230 1460 1279 pugnandi

54 1300 141 1337 finis
160 1299 244 1344 fuit,
267 1303 305 1335 et
325 1310 424 1334 nova
452 1296 580 1332 classis
600 1295 640 1332 in
658 1302 813 1344 portum
832 1296 1022 1344 pervenit,
1044 1310 1159 1345 quam
1186 1298 1458 1344 Athenienses,

56 1368 103 1405 de
123 1380 277 1405 suorum
296 1364 463 1414 periculo
480 1364 659 1401 certiores
674 1364 778 1409 facti,
796 1377 944 1401 summo
961 1365 1089 1402 studio
1105 1366 1179 1402 nisi
1200 1373 1458 1415 comparatam

56 1436 226 1473 subsidio
264 1435 341 1471 suis
379 1434 574 1478 miserant,
610 1433 704 1469 duce
735 1432 1011 1480 Demosthene,
1047 1434 1112 1482 qui
1142 1447 1240 1471 unus
1278 1436 1317 1472 in
1346 1442 1458 1473 tanto

56 1504 273 1541 discrimine
301 1515 428 1539 rerum
456 1501 618 1538 idoneus
646 1501 861 1538 videbatur.
921 1502 958 1539 Is
979 1515 1064 1539 cum
1088 1516 1175 1539 suos
1204 1504 1458 1560 exposuisset⁷

55 1573 299 1618 munitiones,
339 1583 432 1620 quas
469 1570 660 1619 Gylippus
697 1570 891 1607 faciendas
930 1576 1141 1617 curaverat,
1172 1578 1289 1609 noctu
1318 1573 1458 1610 acriter

56 1654 253 1691 aggressus
273 1645 342 1684 est,
363 1639 417 1676 ita
436 1638 551 1675 modo
573 1640 778 1687 Syracusas
799 1652 935 1689 aggere
955 1640 1181 1677 circumdari
1199 1654 1310 1690 posse
1338 1648 1458 1688 ratus,

57 1710 88 1747 si
102 1709 346 1755 munitiones,
365 1721 461 1757 quae
477 1712 629 1744 tantum
644 1708 904 1745 obsessoribus
923 1714 1116 1754 nocerent,
1134 1709 1172 1745 vi
1188 1716 1454 1759 expugnasset.

56 1779 191 1828 Neque
229 1792 272 1816 ea
309 1791 369 1815 res
407 1790 454 1814 ex
487 1777 677 1814 sententia
710 1777 906 1825 processit,
940 1790 1029 1814 nam
1062 1777 1320 1816 Athenienses
1357 1780 1459 1817 inter

55 1848 233 1885 tenebras
248 1846 372 1896 ignari
388 1859 462 1894 quo
480 1845 647 1882 eundum
662 1850 772 1891 esset,
794 1858 832 1882 se
848 1845 921 1894 ipsi
938 1846 1200 1892 conficiebant,
1217 1847 1457 1897 multumque

56 1915 279 1953 detrimenti
299 1919 535 1963 acceperunt.

476 2084 514 2119 T
507 2083 550 2118 lae
565 2083 662 2118 End
676 2083 721 2129 (ff
732 2083 791 2118 the
805 2083 1038 2130 Expedition.

113 2174 365 2215 165.—Tum
392 2187 482 2211 vero
511 2173 793 2211 Demosthenes
822 2174 972 2211 unicam
1001 2174 1136 2211 salutis
1165 2188 1271 2223 spem
1298 2175 1339 2212 in
1367 2175 1459 2226 fuga

57 2244 150 2293 poni
185 2249 301 2290 ratus
332 2242 465 2279 Niciae
492 2247 536 2278 ut
564 2242 695 2279 statim
724 2241 880 2278 domum
908 2242 1203 2291 regrederentur
1230 2243 1458 2292 persuadere

58 2316 216 2349 conatus
230 2316 298 2349 cst.
342 2310 380 2347 Is
400 2316 528 2348 autem
542 2316 698 2359 propter
713 2308 906 2347 defectum
921 2310 1032 2347 lunae
1047 2311 1218 2359 graviter
1233 2318 1457 2358 commotus,
