1559 2463
108 80 154 113 82
334 77 569 114 SECOND
596 77 667 112 LA
679 78 786 113 TIN
806 77 1082 114 READJNG
1110 77 1277 114 BOOK.
1324 75 1444 127 [PART
1464 88 1504 114 11.

106 184 208 221 inter
236 183 441 232 optimates
470 183 697 233 divitesque,
725 188 770 221 ut
797 183 927 232 plebes
955 183 1114 232 imperio
1143 188 1354 222 exueretur.
1412 184 1508 222 Inde

106 251 394 290 strenuissimus
422 251 582 301 quisque
601 264 650 288 ex
668 251 779 300 plebe
808 250 904 288 clam
932 250 1116 288 trucidari
1144 252 1279 300 coepti,
1300 256 1339 289 et
1365 252 1510 301 pervol-

107 321 189 370 gari
208 324 346 366 metus,
365 319 508 369 ignaris
528 319 706 357 omnibus
725 323 878 368 praeter
905 319 1122 356 coniuratos
1151 320 1397 368 quamobrem
1417 320 1510 358 eius-

108 389 212 426 modi
250 388 390 426 scelera
418 388 729 433 admitterentur,
749 387 810 425 vel
839 387 930 437 quid
960 388 1032 425 sibi
1069 387 1213 425 vellent
1240 389 1305 437 qui
1341 389 1510 427 facinora

108 457 346 495 molirentur.
393 456 531 506 Itaque
552 456 653 493 cives
672 456 813 505 partim
832 456 871 493 vi
891 456 1031 505 partim
1051 461 1157 493 metu
1173 457 1292 494 coacti
1307 457 1509 506 imperium

107 525 399 575 quadringentis
435 538 484 562 ex
528 525 778 574 optimatibus
823 524 1054 563 detulerunt.
1126 525 1221 563 Inde
1260 526 1301 562 in
1338 525 1509 563 inimicos

107 594 230 632 multo
249 594 371 644 magis
390 593 528 631 saeviri
547 599 724 643 coeptum
744 599 812 641 est,
833 595 1013 644 missique
1034 595 1214 645 Spartam
1232 595 1348 645 legati
1376 596 1441 645 qui
1461 596 1508 634 de

108 677 198 714 pace
219 667 384 713 agerent.

490 776 640 823 Fcelz'ng
654 776 699 822 of
709 777 768 812 the
784 777 883 812 Arm
879 789 907 823 y
926 777 1006 812 and
1021 777 1128 813 Fleet.

163 858 464 906 170.—Quibus
497 858 543 895 de
580 858 693 896 rebus
730 858 909 896 certiores
945 859 1046 904 facti,
1086 859 1227 897 milites
1265 860 1505 907 stomachari,

107 928 214 965 brevi
231 928 346 965 etiam
366 931 602 964 sacramento
622 939 660 963 se
680 926 852 975 adegere,
872 927 1145 976 rempublicam
1165 928 1409 966 restituturos
1430 941 1508 966 sese

108 1002 146 1034 et
183 997 230 1034 de
268 996 474 1034 coniuratis
511 1008 653 1045 poenas
700 1000 928 1045 sumpturos.
987 996 1098 1043 Quod
1135 997 1200 1035 ubi
1237 997 1510 1035 animadvertit

108 1065 328 1103 Alcibiades
347 1065 488 1102 milites
507 1064 589 1102 adit
609 1065 828 1113 sociumque
848 1078 886 1102 se
906 1065 1117 1114 profitetur,
1140 1066 1252 1103 simul
1279 1067 1449 1116 graviter
1467 1067 1506 1103 in

108 1135 393 1172 coniuratorum
430 1133 629 1183 perfidiam
658 1134 842 1171 invectus.
900 1134 998 1171 Tum
1026 1134 1168 1172 milites
1196 1135 1347 1184 decepti
1375 1135 1509 1172 ducem

108 1203 351 1241 Alcibiadem
370 1203 577 1252 elegerunt,
601 1215 686 1239 cum
702 1215 769 1251 per
784 1215 870 1239 eum
885 1202 1077 1240 conciliari
1092 1216 1201 1252 posse
1216 1203 1509 1253 Tissaphernem

108 1273 396 1318 arbitrarentur,
436 1272 677 1308 immemores
706 1271 817 1308 simul
846 1276 990 1320 quanta
1026 1272 1238 1309 infortunia
1274 1285 1384 1321 passa
1412 1277 1511 1310 esset

107 1339 323 1390 respublica
337 1354 346 1386 3
371 1351 467 1388 quae
488 1339 615 1375 omnia
630 1338 821 1375 Alcibiadi
838 1339 997 1376 attribui
1013 1339 1151 1377 debere
1168 1339 1359 1387 videntur,
1376 1344 1510 1389 utpote

109 1410 174 1459 qui
207 1408 365 1458 Gylippi
397 1407 602 1457 Syracusas
629 1407 813 1444 mittendi
841 1413 972 1445 auctor
999 1407 1126 1454 fuerit,
1148 1408 1249 1445 idem
1278 1408 1512 1446 incursiones

108 1480 147 1516 in
167 1478 337 1515 Atticam
357 1476 550 1513 faciendas
571 1476 754 1523 docuerit,
772 1476 1058 1526 insularumque
1074 1477 1218 1514 incolas
1234 1477 1506 1517 sollicitaverit.

492 1635 568 1670 The
584 1635 676 1670 Fal!
692 1634 736 1680 (gf
747 1635 806 1669 the
825 1635 930 1670 Foltr
946 1635 1145 1671 Hlmdred.

168 1718 450 1766 l7l.—Neque
483 1722 613 1755 tamen
649 1718 751 1754 inter
785 1730 823 1754 se
857 1718 1149 1755 consentiebant
1181 1718 1397 1767 optimates,
1428 1719 1510 1756 aliis

114 1788 264 1827 modico
291 1787 452 1836 imperio
480 1787 538 1823 uti
566 1786 795 1831 volentibus,
827 1785 910 1823 aliis
943 1787 982 1822 in
1015 1786 1188 1824 inimicos
1216 1788 1360 1825 saevire
1388 1801 1511 1837 neque

113 1869 332 1907 quenquam
363 1855 443 1892 ulla
474 1855 654 1892 libertate
681 1854 756 1891 frui
786 1854 875 1903 pati.
934 1854 1029 1892 Mox
1057 1856 1252 1904 poenitere
1280 1856 1381 1894 cives
1409 1856 1511 1905 quod

113 1927 261 1964 tamdiu
294 1925 333 1962 in
367 1924 551 1962 servitute
580 1923 721 1960 retenti
754 1928 885 1960 erant:
921 1936 969 1961 an
1001 1923 1040 1960 id
1073 1936 1237 1973 aequum
1269 1938 1349 1962 esse
1376 1930 1420 1962 ut
1447 1926 1513 1974 qui

115 1996 207 2033 olim
242 1995 355 2032 rebus
392 1993 569 2042 gerendis
606 1993 769 2041 impares
805 1992 977 2039 fuissent,
1012 1993 1039 2030 ii
1070 1993 1343 2043 rempublicam
1374 1994 1512 2031 iterum

115 2063 454 2101 administrarent?
511 2061 586 2098 Per
627 2061 774 2110 aliquot
810 2074 959 2098 menses
1000 2075 1187 2099 summam
1231 2075 1358 2100 rerum
1398 2076 1515 2112 penes

115 2145 253 2182 paucos
274 2136 406 2168 contra
425 2130 527 2179 leges
546 2129 662 2167 fuisse
682 2146 688 2167 :
718 2130 912 2167 eccuinam
931 2130 970 2167 id
991 2130 1136 2168 civibus
1158 2131 1345 2180 profuisse
1363 2132 1513 2170 videri?

116 2200 252 2249 Neque
285 2199 425 2237 oblitos
463 2211 543 2236 esse
578 2211 658 2235 sese
691 2204 786 2247 quot
817 2199 889 2236 viri
923 2212 944 2236 a
977 2199 1119 2236 sicariis
1155 2200 1298 2249 ignotis
1334 2201 1516 2238 trucidati

117 2274 250 2306 essent.
309 2267 477 2305 Proinde
496 2280 603 2304 arma
629 2272 834 2313 sumerent,
855 2267 1055 2317 privilegia
1075 2268 1222 2317 legibus
1250 2281 1434 2314 concessa,
1456 2269 1515 2306 ius

116 2337 321 2386 pristinum
349 2340 634 2385 usurparentur.
704 2336 839 2385 Neque
868 2337 1008 2374 iniuria
1035 2337 1073 2373 in
1103 2350 1166 2374 eos
1194 2338 1231 2374 vi
1259 2350 1394 2375 usuros
1421 2350 1512 2383 sese,
