1559 2463
77 81 178 106 PART
202 68 242 120 1.]
490 68 708 105 HISTOR
724 68 757 103 Y
784 68 860 103 OF
879 67 1058 102 ROAJE.
1434 75 1471 97 11

396 178 472 213 lee
490 176 729 212 Destruction
750 175 793 222 (gf
805 175 864 210 tlte
882 174 1029 210 Fabiam
1055 174 1088 209 C
1086 174 1151 209 lan

126 260 354 299 22.—Inde
373 273 395 297 a
414 259 542 297 Fabiis
571 259 754 296 adversus
773 257 958 295 Veientes
986 260 1211 306 pugnatum.
1269 254 1350 291 Nec
1370 257 1480 291 eraut

74 329 310 367 incursiones
330 328 445 367 modo
465 328 505 365 in
525 341 646 378 agros,
665 327 731 365 sed
751 326 954 376 aliquoties
975 325 1123 362 collatis
1143 324 1260 374 signis
1281 327 1477 368 certatum,

75 409 244 446 gensque
282 409 359 433 una
390 395 524 446 populi
560 394 726 432 Romani
764 407 874 443 saepe
908 407 956 430 ex
988 391 1280 442 opulentissima
1321 390 1481 427 Etrusca

74 465 230 503 civitate
267 465 469 502 victoriam
514 464 615 502 tulit.
683 464 843 512 Iamque
881 461 990 499 Fabii
1032 460 1126 498 adeo
1173 464 1482 509 contempserant

74 535 238 580 hostem,
271 539 315 572 ut
348 548 415 572 sua
451 533 595 571 invicta
632 545 738 570 arma
770 544 894 580 neque
927 531 1009 568 loco
1042 543 1166 579 neque
1199 534 1370 578 tempore
1402 527 1481 565 ullo

74 603 273 642 crederent
300 603 480 641 sustineri
513 615 632 651 posse.
708 601 847 650 Itaque
881 599 1020 638 accidit
1047 603 1092 636 ut
1119 598 1257 637 Fabios
1291 597 1480 635 incautius

74 677 274 722 provectos
302 676 341 709 et
368 671 409 708 in
437 670 595 708 insidias
624 670 771 708 delatos
799 682 960 718 magnae
979 668 1150 706 hostium
1179 667 1307 716 copiae
1327 666 1482 703 circum-

73 741 258 778 venirent.
317 740 396 777 Diu
425 752 574 777 summa
601 738 746 775 virtute
775 737 978 774 resistitur.
1035 736 1099 773 Ad
1128 740 1345 774 extremum
1372 735 1482 772 Fabii

73 823 95 846 a
122 808 375 846 multitudine
404 807 576 857 oppressi
604 806 798 844 interfecti
832 810 932 843 sunt.
991 804 1199 842 Trecentos
1227 817 1295 842 sex
1326 803 1482 853 periisse

74 878 167 915 satis
193 881 355 923 constat,
382 889 502 913 unum
533 875 709 912 relictum
739 887 908 924 puerum.
968 874 1007 911 Is
1035 878 1169 924 postea
1199 886 1284 911 cum
1307 873 1483 911 Romano

75 945 262 983 exercitui
281 949 485 994 praeesset,
507 956 645 994 magno
665 943 832 993 periculo
853 943 953 980 cives
972 942 1160 980 liberavit.

637 1070 714 1106 The
740 1069 926 1105 Trz‘bunes.

128 1153 366 1201 23.—Quae
399 1166 484 1191 cum
518 1153 573 1190 ita
605 1157 743 1198 essent,
773 1152 904 1201 plebes
937 1164 1038 1189 anno
1070 1156 1158 1201 post
1191 1156 1343 1189 exactos
1376 1164 1483 1201 reges

75 1228 185 1261 sexto
212 1222 360 1260 decimo
387 1235 473 1259 cum
499 1234 537 1258 se
557 1234 697 1272 magno
726 1221 765 1258 in
794 1234 879 1258 aere
900 1219 1024 1258 alieno
1045 1233 1126 1257 esse
1146 1219 1334 1266 viderent,
1355 1226 1484 1269 patres

76 1291 191 1328 simul
228 1290 468 1328 miseriarum
505 1303 659 1327 suarum
693 1294 866 1327 auctores
901 1288 1179 1335 existimarent,
1214 1288 1280 1326 ubi
1313 1302 1361 1326 ex
1392 1288 1485 1325 urbe

77 1372 271 1397 excessere
300 1359 340 1396 in
368 1364 500 1396 monte
530 1358 645 1396 Sacro
675 1362 798 1396 castra
825 1362 1046 1407 posuerunt.
1103 1357 1273 1395 Aiebant
1301 1357 1419 1394 etiam
1448 1370 1486 1393 se

78 1428 223 1465 ibidem
254 1427 446 1476 plebeiam
478 1427 613 1464 urbem
646 1426 893 1464 condituros:
927 1425 1103 1475 patribus
1130 1425 1243 1463 licere
1271 1430 1315 1463 ut
1342 1425 1488 1463 Romae

76 1497 307 1535 habitarent.
382 1496 518 1533 Patres
564 1500 696 1533 autem
741 1495 854 1533 valde
901 1495 1082 1533 commoti
1122 1495 1250 1532 virum
1296 1494 1488 1544 quendam

79 1565 303 1614 sapientem,
325 1564 385 1602 cui
405 1577 546 1602 nomen
565 1564 749 1602 Menenio
768 1564 964 1614 Agrippae
985 1568 1077 1610 erat,
1101 1563 1166 1613 qui
1185 1563 1289 1613 plebi
1309 1562 1489 1601 suaderet

77 1634 136 1671 uti
166 1635 205 1671 in
236 1634 373 1671 urbem
402 1633 586 1680 redirent,
617 1634 814 1671 miserunt.
873 1633 912 1671 Is
940 1633 980 1670 in
1009 1637 1133 1670 castra
1162 1632 1404 1670 intromissus
1434 1632 1489 1669 ita

78 1703 195 1741 verba
214 1703 327 1741 fecit:
357 1702 461 1740 Olim
481 1708 586 1740 artus
607 1702 870 1740 coniuratione
891 1702 988 1739 inita
1014 1715 1100 1739 curn
1128 1706 1302 1739 ventrem
1323 1702 1488 1739 otiosum

78 1771 258 1808 viderent
290 1776 482 1821 negarunt
516 1784 554 1808 se
588 1783 657 1808 sua
689 1771 811 1808 officia
842 1775 1126 1820 praestaturos:
1164 1771 1324 1820 proinde
1353 1776 1490 1808 venter

79 1853 147 1878 sua
178 1840 333 1890 negotia
367 1844 506 1890 ageret.
566 1839 642 1877 Sed
676 1839 767 1876 dum
798 1844 975 1878 ventrem
1007 1839 1162 1877 domare
1196 1844 1384 1877 conantur
1415 1839 1489 1888 ipsi

80 1909 314 1946 defecerunt.
373 1909 457 1956 Qua
493 1908 624 1946 fabula
660 1908 770 1946 flexis
806 1908 1009 1946 hominum
1047 1908 1242 1946 mentibus
1279 1909 1319 1945 in
1356 1909 1489 1946 urbem

80 1978 290 2024 redierunt,
307 1991 350 2015 ea
370 1977 592 2015 condicione
608 1981 651 2014 ut
666 1977 814 2015 tribuni
834 1981 1054 2015 crearentur
1068 1977 1134 2027 qui
1148 1977 1367 2015 libertatem
1382 1990 1490 2015 suam

81 2047 263 2085 adversus
282 2051 437 2096 patrum
456 2047 614 2086 iniurias
633 2046 864 2085 incolumem
882 2050 1132 2096 praestarent.

522 2181 598 2217 lee
614 2181 724 2216 Fe'rst
740 2180 777 2216 A
775 2180 939 2227 grarian
960 2180 1068 2216 Law.

137 2263 366 2302 24.—Erat
401 2263 503 2301 inter
538 2269 667 2314 patres
704 2263 764 2301 vir
801 2263 959 2313 quidam
1000 2262 1208 2300 consularis
1249 2263 1310 2300 eui
1350 2276 1491 2300 nomen

85 2332 223 2381 Spurio
261 2331 394 2369 Cassio
432 2337 526 2371 erat.
583 2333 682 2370 Eum
728 2333 850 2381 plebis
892 2345 977 2369 aere
1019 2332 1143 2369 alieno
1185 2331 1234 2369 ad
1276 2336 1491 2369 extremum
