1559 2463
61 53 163 78 PART
183 40 225 91 1.]
474 39 745 76 HISTORY
769 38 844 74 OF
863 37 1047 74 ROME.
1419 48 1466 84 37

566 201 713 236 Return
732 199 778 246 (ff
787 199 957 234 Marius.

111 300 282 341 78.——L.
315 299 422 338 Sulla
449 299 574 337 Roma
604 298 776 348 profecto
808 311 945 348 parum
977 297 1270 335 consentiebant
1297 298 1399 335 inter
1428 312 1466 336 se

58 369 243 415 consules,
265 382 427 418 quorum
446 368 545 406 alter
564 367 704 413 Sullae,
721 367 828 412 alter,
847 366 906 403 cui
921 379 1061 404 nomen
1081 366 1226 404 Cinnae
1242 371 1334 413 erat,
1352 366 1469 404 Marii

57 439 231 489 partibus
250 438 414 476 favebat.
473 437 611 486 Itaque
635 435 761 473 Cinna
781 435 996 484 conscripto
1025 435 1195 472 exercitu
1224 435 1392 472 Marium
1420 435 1468 473 ad

58 508 194 545 urbem
212 506 376 544 reduxit.
435 505 484 552 Is,
505 509 565 542 tot
585 504 661 542 suis
690 504 868 553 periculis
888 508 927 541 et
946 503 1170 541 infortuniis
1190 504 1381 550 efferatus,
1401 504 1468 542 ubi

59 576 106 613 de
125 575 289 612 inimicis
307 587 449 624 poenas
469 586 618 611 sumere
638 573 850 619 constituit,
871 585 940 622 per
969 572 1140 622 quinque
1171 572 1253 610 dies
1282 585 1469 621 quoscun-

58 657 131 693 que
163 643 280 681 vellet
313 655 360 680 ex
393 642 644 692 optimatibus
672 641 899 679 trucidabat.
976 640 1072 678 Inde
1102 641 1308 690 septimum
1336 641 1467 678 consul

57 713 192 757 factus,
214 724 257 749 eo
277 711 504 760 magistratu
523 710 631 748 brevi
651 710 791 747 fruitus
812 713 880 746 est.
938 708 1194 759 Septuaginta
1213 722 1333 747 annos
1353 714 1467 747 natus

58 780 192 817 morbo
217 779 391 825 decessit,
411 792 459 816 ne
484 778 672 816 militibus
703 778 859 828 quidem
886 783 1029 827 gratus,
1052 790 1146 827 quos
1175 778 1356 815 saevitiae
1386 778 1467 816 eius

58 849 290 898 poenitebat.
349 847 466 885 Haud
485 847 540 885 ita
559 847 682 884 multo
710 852 798 897 post
817 846 923 884 Sulla
942 847 981 883 in
1002 846 1156 884 Italiam
1175 860 1368 896 regressus
1397 852 1465 894 est,

57 916 123 954 sed
138 916 315 954 fortiores
335 915 572 953 adversarios
592 916 729 953 certior
743 915 866 952 factus
887 928 1002 964 quam
1022 915 1159 964 quibus
1179 916 1306 953 resisti
1321 921 1462 965 posset,

58 985 98 1022 in
126 984 366 1022 meridionali
400 984 534 1022 Italiae
563 984 717 1034 regione
754 983 990 1033 aliquamdiu
1019 988 1285 1030 commoratus,
1317 984 1464 1021 animos

58 1053 257 1090 hominum
287 1053 359 1090 sibi
392 1053 628 1099 conciliabat,
664 1052 841 1090 idoneam
875 1052 1111 1090 occasionem
1144 1052 1387 1103 regrediendi
1418 1053 1466 1090 ad

60 1122 193 1158 urbem
214 1121 423 1170 opperiens.

526 1309 636 1346 Sulla
656 1310 807 1346 Masler
822 1309 867 1357 of
876 1311 1002 1346 Rome.

109 1417 441 1463 79.—-Samnites,
471 1418 538 1466 qui
566 1417 691 1454 adhuc
719 1417 854 1455 invicti
883 1422 1004 1463 erant,
1037 1417 1243 1467 optimates
1271 1417 1466 1455 Romanos

58 1486 195 1536 perosi,
213 1499 251 1524 se
272 1499 358 1523 cum
377 1486 564 1523 Marianis
585 1486 878 1524 coniunxerunt.
937 1486 1011 1533 Qui
1032 1486 1159 1524 Sullae
1175 1486 1321 1524 diutius
1340 1486 1467 1524 resisti

57 1567 134 1592 non
154 1567 263 1604 posse
283 1555 369 1600 rati,
399 1554 563 1592 Romam
588 1555 883 1600 contenderunt,
904 1568 948 1592 eo
975 1555 1133 1593 consilio
1152 1560 1197 1592 ut
1216 1555 1351 1592 urbem
1379 1555 1466 1605 igne

58 1628 352 1669 concremarent,
393 1635 441 1660 ne
479 1623 606 1660 Sullae
644 1624 683 1660 in
731 1623 970 1662 deditionem
1006 1624 1166 1662 veniret.
1243 1623 1355 1670 Quod
1400 1624 1467 1661 ubi

56 1692 251 1742 cognitum
289 1691 429 1737 Sullae,
460 1692 609 1741 magnis
639 1692 842 1730 itineribus
880 1698 920 1730 et
948 1693 1030 1742 ipse
1056 1693 1222 1730 Romam
1254 1693 1464 1731 contendit.

58 1761 175 1798 Haud
194 1761 326 1810 procul
346 1761 395 1798 ab
415 1761 508 1798 urbe
529 1761 710 1799 atrociter
729 1766 944 1811 pugnatum
964 1766 1031 1799 est.
1089 1762 1214 1799 Victis
1229 1762 1468 1799 Samnitibus

58 1829 164 1867 Sulla
192 1829 285 1867 urbe
313 1829 460 1879 potitus
488 1833 722 1878 potestatem
750 1830 996 1878 optimatium
1024 1830 1226 1867 restituere
1256 1830 1466 1867 constituit.

57 1897 103 1934 In
123 1897 298 1933 inimicos
317 1910 465 1934 summa
485 1896 713 1934 crudelitate
733 1897 924 1935 saevitum
944 1902 1013 1943 est,
1037 1911 1200 1947 quorum
1220 1897 1268 1935 ad
1297 1897 1466 1947 quinque

56 1965 162 2002 milia
194 1978 321 2002 caesos
355 1977 434 2002 esse
469 1965 561 2003 satis
590 1970 750 2004 constat.
820 1966 974 2003 Deinde
1007 1966 1236 2004 adversariis
1265 1966 1466 2004 trucidatis

57 2038 123 2070 aut
143 2033 363 2070 exsulatum
390 2034 495 2071 abire
515 2033 667 2079 coactiS,
690 2034 797 2071 Sulla
825 2034 991 2072 dictator
1019 2039 1168 2072 creatus
1196 2035 1337 2072 multas
1366 2035 1467 2085 leges

56 2101 148 2139 tulit
181 2115 277 2151 quae
311 2102 581 2140 auctoritatem
619 2107 773 2140 senatus
803 2103 1028 2141 stabilirent.
1088 2103 1224 2153 Neque
1256 2104 1312 2141 ita
1343 2104 1466 2141 multo

55 2175 142 2220 post
161 2183 246 2207 cum
266 2169 459 2208 dictatura
486 2176 524 2208 et
544 2171 744 2209 consulatu
773 2185 812 2209 se
831 2171 1056 2218 abdicasset,
1079 2173 1218 2210 omissa
1236 2173 1466 2222 reipublicae

57 2252 146 2276 cura
177 2239 218 2276 in
250 2239 383 2277 villam
414 2239 589 2288 privatus
622 2240 786 2278 recessit.
862 2241 1014 2278 Ibidem
1049 2242 1185 2279 morbo
1218 2243 1465 2288 exstinctum,

55 2307 157 2344 cives
177 2320 291 2356 quam
310 2308 480 2346 maxima
499 2321 640 2358 pompa
661 2310 924 2358 sepeliendum
945 2316 1187 2348 curaverunt.
