1559 2463
70 42 174 67 PART
193 29 271 81 111.]
389 31 758 68 ALEXANDER
790 32 910 68 THE
942 32 1152 69 GREAT.
1402 46 1472 81 123

69 142 251 187 expertus
266 151 317 185 es,
334 151 449 187 quam
469 137 612 175 caduca
626 138 789 176 felicitas
810 144 918 176 esset.
977 139 1069 176 Plus
1088 126 1281 177 monendo
1296 140 1471 189 profecit,

68 220 183 256 quam
202 207 233 244 si
252 211 428 256 precatus
449 211 558 253 esset,
579 220 669 244 nam
687 207 911 245 Alexander
928 208 1235 257 magnitudinem
1256 209 1373 245 animi
1393 209 1474 246 eius

66 276 284 313 interritam
304 289 346 313 ac
364 289 412 314 ne
432 275 589 313 fortuna
608 276 764 325 quidem
784 276 945 314 fractam
965 290 1043 314 non
1063 277 1326 315 misericordia
1345 277 1472 323 modo,

69 345 134 382 sed
163 345 280 382 etiam
307 345 451 382 honore
471 344 644 394 excipere
673 344 864 394 dignatus,
886 358 1041 395 aegrum
1061 346 1209 383 curavit
1236 346 1340 384 haud
1368 359 1475 384 secus

69 426 184 462 quam
203 413 235 450 si
262 426 330 463 pro
350 413 433 462 ipso
460 418 693 463 pugnasset:
723 414 988 451 confirmatum
1018 415 1058 451 in
1078 414 1287 452 amicorum
1315 428 1473 452 numero

68 482 222 530 recepit,
243 495 334 519 mox
354 481 514 519 donavit
533 481 717 531 ampliore
735 495 854 532 regno
874 495 989 531 quani
1008 483 1144 520 tenuit.

397 648 616 684 Alexander
633 649 899 695 congratulans
917 649 976 685 lzss
1002 651 1145 697 Tr00p5‚

121 740 503 780 25l.—Alexander
538 744 618 777 tam
655 741 894 778 memorabili
930 741 1092 779 victoria
1128 741 1262 788 laetus,
1297 754 1372 791 qua
1405 742 1476 779 sibi

69 809 227 846 orientis
256 809 349 847 fines
378 812 531 858 apertos
560 822 640 846 esse
670 810 858 855 censebat,
891 809 961 847 soli
989 810 1156 848 victimis
1185 810 1311 857 caesis,
1334 811 1477 848 milites

68 891 230 927 quoque,
261 891 336 927 quo
364 878 665 927 promptioribus
693 879 830 915 animis
858 879 1006 928 reliqua
1034 879 1124 917 belli
1153 880 1285 917 munia
1312 880 1475 926 obirent,

67 960 136 996 pro
156 947 335 984 concione
364 946 540 984 laudatos
569 947 712 993 docuit,
733 947 916 996 quicquid
946 947 1054 985 Indis
1074 948 1215 985 virium
1242 948 1389 995 fuisset,
1412 948 1478 985 illa

69 1017 314 1055 dimicatione
343 1022 601 1066 prostratum:
636 1022 761 1054 cetera
789 1018 956 1066 opimam
984 1017 1165 1067 praedam
1194 1018 1286 1064 fore,
1317 1018 1478 1056 celebra-

68 1089 201 1134 tasque
231 1098 320 1134 opes
340 1085 507 1122 eminere
536 1085 575 1122 in
596 1098 640 1122 ea
658 1085 813 1135 regione
834 1099 947 1135 quam
966 1091 1153 1135 peterent.
1212 1086 1380 1125 Proinde
1400 1087 1477 1124 iam

69 1154 159 1192 vilia
187 1159 226 1191 et
245 1154 416 1192 obsoleta
435 1167 515 1191 esse
544 1154 664 1203 spolia
683 1154 730 1191 de
751 1154 899 1193 Persis:
929 1155 1089 1205 gemmis
1117 1156 1410 1205 margaritisque
1439 1160 1478 1193 et

68 1236 160 1260 auro
189 1228 303 1272 atque
332 1223 444 1260 ebore
477 1222 745 1260 Macedoniam
779 1223 1066 1273 Graeciamque,
1096 1237 1174 1262 non
1205 1237 1290 1262 suas
1324 1229 1476 1262 tantum

68 1290 212 1336 domos,
233 1290 422 1340 repletum
450 1290 505 1328 iri.
566 1290 649 1337 Qua
677 1292 858 1329 concione
886 1293 941 1329 ita
969 1292 1138 1329 militum
1167 1292 1314 1330 animos
1344 1292 1477 1330 avidos

67 1360 249 1409 pecuniae
269 1364 308 1397 et
321 1359 464 1409 gloriae
485 1360 618 1405 erexit,
636 1364 680 1397 ut
698 1360 864 1398 libenter
883 1374 1037 1409 operam
1056 1361 1330 1410 pollicerentur
1348 1377 1354 1398 :
1384 1374 1477 1410 quas

69 1429 109 1465 in
146 1429 319 1479 regiones
356 1429 420 1466 ille
455 1428 639 1466 ducturus
677 1434 789 1476 esset,
823 1430 863 1466 in
897 1429 1049 1467 easdem
1080 1443 1118 1467 se
1156 1443 1306 1467 summo
1343 1430 1473 1467 studio

70 1502 275 1544 secuturos,
308 1511 404 1547 quos
434 1511 633 1547 nunquam
666 1511 731 1547 spe
769 1499 950 1536 victoriae
988 1499 1228 1548 praedaeque
1265 1499 1476 1537 fefellisset.

69 1566 131 1603 Ita
158 1579 244 1603 cum
271 1566 372 1603 bona
400 1578 465 1614 spe
494 1565 660 1602 dimissis
688 1565 887 1612 militibus,
909 1566 1063 1615 navigia
1091 1566 1334 1604 exaedificari
1354 1566 1477 1612 iussit,

69 1638 123 1679 ut,
146 1647 230 1670 cum
250 1638 372 1671 totam
393 1634 526 1670 Asiam
547 1634 808 1683 percurrisset,
829 1635 946 1673 finem
965 1640 1165 1683 terrarum,
1187 1649 1302 1681 mare,
1325 1636 1476 1672 viseret.

381 1793 549 1839 Banyan
575 1794 614 1828 T
608 1805 680 1829 νέω
699 1793 780 1829 and
785 1794 984 1841 possemus
1002 1795 1187 1842 Serpenls.

122 1884 383 1923 252.-—Inde
399 1884 551 1922 devicto
571 1884 670 1922 Poro
691 1890 729 1922 et
748 1899 859 1923 amne
879 1891 1057 1935 superato
1074 1886 1122 1924 ad
1141 1886 1325 1923 interiora
1344 1886 1477 1923 Indiae

69 1953 262 2002 processit.
335 1952 461 1990 Silvae
496 1958 606 1990 erant
635 1967 753 2003 prope
783 1955 822 1991 in
855 1954 1085 1992 immensum
1118 1955 1285 2004 spatium
1317 1954 1477 1991 diffusae

68 2022 310 2073 procerisque
331 2027 369 2059 et
388 2022 427 2058 in
447 2022 627 2060 eximiam
647 2023 893 2060 altitudinem
913 2024 1026 2061 editis
1046 2025 1244 2061 arboribus
1264 2024 1473 2063 umbrosae.

69 2092 248 2141 Plerique
268 2091 363 2128 rami
383 2091 505 2128 instar
524 2092 739 2141 ingentium
769 2093 944 2142 stipitum
964 2093 1065 2139 flexi,
1086 2094 1125 2129 in
1154 2093 1315 2129 humum
1334 2106 1475 2139 rursus,

70 2173 145 2209 qua
164 2173 203 2197 se
233 2163 499 2206 curvaverant,
520 2160 776 2209 erigebantur,
799 2161 893 2199 adeo
921 2166 965 2198 ut
985 2161 1127 2210 species
1148 2166 1248 2198 esset
1276 2174 1353 2198 non
1382 2162 1477 2199 rami

70 2229 315 2278 resurgentiS,
364 2228 431 2266 sed
478 2230 623 2267 arboris
678 2243 725 2267 ex
773 2244 839 2268 sua
886 2230 1013 2268 radice
1056 2235 1270 2280 generatae.
1372 2230 1478 2268 Caeli

70 2298 274 2347 temperies
307 2297 492 2345 salubris3
534 2311 623 2335 nain
654 2303 692 2336 et
721 2299 801 2336 vim
829 2299 918 2336 solis
947 2300 1103 2337 umbrae
1132 2299 1264 2336 levant
1291 2304 1330 2336 et
1358 2312 1478 2348 aquae
