1559 2463
110 64 156 108 78
318 63 555 100 SECOND
582 63 771 98 LATJN
791 63 1069 99 READJNG
1098 62 1267 98 BOOK.
1323 59 1444 110 [PART
1464 71 1502 96 11.

654 178 730 213 Isis
755 178 965 224 Treaclzery.

166 270 450 318 lGL—Itaque
482 269 610 318 paucis
646 273 734 317 post
766 268 901 306 diebus
938 268 1066 306 classis
1102 268 1259 305 navium
1296 267 1506 316 longarum,

108 337 239 374 multis
272 337 427 386 insuper
455 337 638 374 onerariis
670 336 840 383 adiectis,
870 336 1075 386 Syracusas
1107 335 1240 385 pergit.
1300 334 1395 371 Inde
1424 347 1509 371 cum

108 406 252 443 frustra
292 405 553 444 contendisset
595 405 809 442 Lamachus
850 409 894 442 ut
933 405 1067 442 urbem
1113 404 1340 453 imparatam
1377 403 1509 441 statim

108 479 384 524 expugnarent,
422 480 530 523 parte
567 474 723 511 navium
761 473 809 511 ad
847 473 1052 523 Syracusas
1093 473 1234 519 relicta,
1274 485 1361 521 pars
1398 472 1510 509 urbes

109 543 322 581 Siculorum
359 543 450 589 adit,
490 556 566 591 quo
602 542 750 579 facilius
786 542 960 580 homines
998 542 1304 587 sollicitarentur,
1344 541 1510 590 sociique

109 612 448 649 conscriberentur.
506 611 611 648 Dum
638 611 732 648 haec
757 615 943 661 geruntur
963 610 1183 648 Alcibiades
1211 610 1367 647 domum
1395 622 1511 646 arces-

108 681 214 727 situr,
255 681 394 718 iterum
441 680 706 718 accusantibus
751 680 915 717 inimicis
961 679 1063 729 quod
1110 692 1214 716 sacra
1258 678 1507 728 profanasset.

110 750 246 799 Neque
291 749 442 799 regredi
494 762 606 786 ausus
652 749 883 794 Alcibiades,
930 748 996 786 ubi
1048 748 1226 797 Spartam
1272 760 1310 784 se
1355 747 1510 796 recepit,

110 818 311 867 Spartanis
347 822 480 855 auctor
511 817 586 855 fuit
620 817 727 855 ducis
764 817 943 867 Spartani
977 817 1183 865 Syracusas
1218 815 1411 863 mittendi,
1446 816 1511 865 qui

110 886 273 924 obsessis
291 891 505 936 praeesset:
535 890 727 923 maturato
748 899 843 935 opus
869 899 961 932 esse,
982 898 1029 922 ne
1048 885 1308 922 Athenienses
1328 885 1510 931 obsessos,

109 955 283 993 homines
314 956 370 993 rei
402 955 580 993 militaris
608 955 925 1005 imperitissimos,
954 955 1176 1004 priusquam
1205 954 1251 991 iis
1279 954 1510 991 subventum

108 1030 208 1062 esset
227 1024 362 1071 adorti,
385 1024 534 1062 facilem
556 1025 758 1062 victoriam
778 1029 1028 1073 reportarent.

585 1180 623 1214 T
617 1179 660 1213 lze
680 1179 782 1223 qugre
798 1178 841 1225 (ff
854 1179 1039 1225 Syracuse.

167 1270 481 1310 162.-I11te1·im
502 1271 708 1319 Syracusae
737 1270 921 1319 oppidum
949 1270 1098 1306 Siciliae
1126 1269 1397 1306 divitissimum
1417 1268 1514 1305 obsi—

111 1339 194 1376 ‹leri
213 1343 399 1388 coeptum.
458 1338 593 1387 Neque
623 1339 724 1375 enim
752 1338 1009 1375 Athenienses
1037 1338 1186 1383 fefellit,
1217 1351 1301 1373 cum
1330 1337 1512 1386 o‘ppidani

113 1407 262 1444 moenia
281 1406 450 1455 praealta
478 1406 742 1443 aedificassent
770 1407 939 1443 turribus
967 1407 1123 1455 insuper
1151 1411 1190 1442 et
1217 1405 1403 1443 eiusmodi
1431 1418 1515 1454 pro-

111 1475 336 1524 pugnaculis
355 1475 525 1521 adiectis,
548 1474 629 1511 fieri
649 1487 725 1511 non
745 1487 855 1523 posse
883 1479 926 1511 ut
954 1474 993 1511 vi
1022 1473 1205 1523 oppidum
1235 1478 1512 1522 expugnarent,

112 1543 178 1580 sed
198 1543 397 1580 obsidione
417 1556 511 1591 opus
530 1556 610 1580 esse
630 1548 673 1579 ut
692 1543 792 1579 cives
812 1543 941 1591 inopia
960 1542 1079 1579 coacti
1098 1542 1137 1578 in
1158 1541 1393 1578 deditionem
1414 1540 1515 1577 veni-

112 1615 208 1648 rent.
267 1611 403 1660 Itaque
423 1610 565 1659 oppido
585 1623 761 1659 aggerem
781 1610 1029 1655 circumdant,
1050 1610 1178 1647 aditus
1207 1622 1338 1646 omnes
1367 1622 1515 1646 summa

114 1692 203 1716 cura
222 1684 376 1716 servant
395 1692 442 1716 ne
463 1692 538 1727 qua
565 1678 710 1715 auxilia
737 1678 840 1715 intra
867 1678 1018 1715 moenia
1045 1678 1163 1726 recipi
1192 1682 1358 1726 possent,
1381 1682 1514 1726 portus

113 1760 262 1784 necnon
299 1747 417 1784 classe
455 1746 687 1783 custodiunt.
760 1746 895 1794 Neque
933 1745 988 1782 ita
1024 1745 1146 1782 multo
1184 1749 1272 1794 post
1309 1744 1514 1782 interfecto

115 1815 317 1862 Lamacho,
337 1829 436 1853 unus
456 1815 585 1852 Nicias
606 1814 789 1852 exercitui
809 1813 1105 1851 Atheniensium
1125 1813 1305 1862 praefuit,
1321 1813 1380 1850 vir
1398 1817 1442 1850 ut
1461 1812 1515 1850 rei

115 1885 292 1922 militaris
312 1884 404 1921 satis
422 1883 568 1933 peritus
588 1883 690 1919 idem
719 1896 867 1919 summa
894 1882 1037 1919 virtute
1065 1881 1272 1930 praeditus,
1303 1881 1358 1918 ita
1385 1885 1513 1918 tamen

115 1953 241 2003 segnis
260 1965 382 2002 neque
403 1952 450 1989 ad
470 1952 596 1989 varios
615 1951 706 1988 belli
727 1963 833 1988 casus
852 1955 1019 2000 paratus

610 2092 800 2127 Athenian
821 2091 1021 2127 Disasters.

172 2182 505 2232 163.—Spartani
541 2187 669 2219 autem
706 2186 859 2219 auctore
895 2180 1096 2218 Alcibiade
1133 2180 1343 2229 Gylippum
1379 2180 1514 2217 ducem

115 2253 389 2302 peritissimum
409 2265 494 2289 cum
513 2251 701 2288 militibus
721 2250 768 2287 ad
784 2250 860 2287 tria
874 2250 980 2286 milia
1000 2249 1170 2286 mittunt.
1221 2249 1258 2285 Is
1272 2248 1514 2297 imprudente

116 2320 228 2358 Nicia
242 2320 308 2357 ubi
327 2320 367 2356 in
385 2319 520 2356 urbem
539 2332 625 2356 suos
645 2331 712 2368 per
730 2318 880 2355 hostem
895 2317 1007 2354 duxit
1023 2316 1150 2354 omnia
1168 2316 1209 2353 in
1228 2316 1364 2353 melius
1379 2316 1510 2362 vertit,
