1559 2463
30 67 133 92 PART
153 55 196 107 L]
445 58 713 95 HISTORY
737 59 813 95 OF
831 59 1012 96 ROME.
1386 72 1429 103 27

29 168 104 205 nisi
140 168 270 205 fratris
304 169 433 218 copiae
471 181 556 206 cum
594 169 671 206 suis
708 170 1041 219 coniungerentur,
1072 169 1356 208 Hasdrubalem
1393 170 1433 207 in

29 236 183 273 Italiam
214 249 299 273 cum
328 237 504 274 omnibus
533 237 651 286 copiis
683 238 866 275 evocavit.
924 238 963 274 Is
999 238 1158 275 tandem
1197 239 1433 276 occasionem

29 310 176 351 nactus,
197 305 332 343 eodem
350 306 487 343 itinere
508 319 582 355 quo
603 305 800 343 Hannibal
822 312 979 343 venerat
998 307 1191 356 profectus
1211 312 1278 345 est.
1338 308 1434 345 Con-

29 374 129 411 sules
149 378 278 411 autem
292 387 378 412 eum
394 375 433 411 in
448 374 598 412 insidiis
612 380 765 424 captum
782 375 829 413 ad
845 376 988 413 flumen
1007 376 1229 413 Metaurum
1244 377 1432 415 vicerunt.

28 443 165 492 Neque
192 443 248 480 ita
275 443 397 480 multo
425 449 514 492 post
551 443 805 481 Hasdrubalis
843 450 958 493 caput
986 445 1026 482 in
1055 450 1179 483 castra
1215 445 1434 483 Poenorum

29 511 243 548 coniectum
271 511 319 549 ad
348 511 609 549 Hannibalem
638 512 820 558 defertur,
852 513 1028 562 ignarum
1057 513 1181 551 adhuc
1201 513 1294 563 quid
1322 513 1435 551 fratri

29 579 236 618 accidisset.
297 580 407 627 Quod
435 594 520 618 cum
549 580 710 618 vidisset
739 586 866 618 actum
895 595 975 618 esse
1004 582 1291 628 animadvertit,
1314 596 1436 632 neque

27 648 148 686 ullam
167 649 335 698 relinqui
356 662 462 698 spem
481 649 562 686 fore
583 654 627 686 ut
647 649 771 687 Roma
790 650 907 699 potiri
927 656 1065 699 posset.

560 816 689 852 Battle
706 816 751 863 os
761 817 888 852 Zama.

83 907 326 947 56.—Anno
363 912 501 956 quarto
539 906 686 944 decimo
732 912 937 957 postquam
983 908 1021 945 in
1068 908 1222 945 Italiam
1268 914 1438 955 venerat,

31 974 169 1024 Scipio,
191 975 255 1024 qui
275 975 397 1012 multa
415 975 454 1011 in
476 975 664 1024 Hispania
682 976 778 1013 bene
799 982 938 1025 egerat,
962 976 1131 1026 expulsis
1159 977 1250 1015 inde
1279 977 1438 1015 Cartha-

30 1044 277 1093 giniensibus,
295 1043 425 1081 consul
445 1044 569 1081 factus
588 1044 628 1080 in
648 1044 820 1081 Africam
840 1045 977 1082 missus
997 1049 1063 1082 est.
1122 1045 1194 1083 Cui
1214 1046 1296 1083 viro
1317 1045 1440 1083 divini

29 1112 173 1162 aliquid
193 1113 315 1150 inesse
332 1112 634 1158 existimabatur,
652 1112 746 1150 adeo
766 1118 810 1150 ut
829 1119 1031 1162 putaretur
1046 1114 1163 1151 etiam
1179 1127 1264 1151 cum
1278 1114 1440 1151 numini-

31 1182 102 1218 bus
138 1181 280 1218 habere
318 1193 541 1218 sermonem.
613 1180 653 1218 Is
699 1181 919 1219 Poenorum
958 1182 1170 1219 exercitum
1207 1182 1438 1232 profligavit,

32 1250 208 1287 tentoriis
237 1250 340 1287 enim
369 1255 485 1287 noctu
505 1249 602 1286 clam
628 1250 804 1296 incensis,
825 1250 968 1287 multos
996 1250 1179 1288 mortales
1207 1251 1309 1288 inter
1327 1251 1442 1300 trepi-

32 1319 228 1356 dationem
248 1318 500 1356 obtruncavit.
560 1318 643 1365 Qua
662 1318 768 1356 clade
788 1320 1015 1368 perterritus
1032 1325 1187 1357 senatus
1201 1319 1442 1370 Carthagini-

32 1389 180 1425 ensium
197 1387 454 1425 Hannibalem
468 1401 516 1424 ex
528 1387 643 1425 Italia
656 1388 863 1426 arcessivit.
903 1387 977 1435 Qui
990 1389 1055 1426 ubi
1072 1389 1111 1425 in
1126 1389 1300 1426 Africam
1312 1389 1438 1435 rediit,

33 1457 210 1494 omnibus
231 1456 349 1506 copiis
368 1456 583 1506 praefectus
599 1462 666 1502 est,
685 1456 776 1494 dato
796 1458 951 1507 negotio
967 1463 1012 1494 ut
1024 1457 1220 1495 Romanos
1241 1471 1289 1496 ex
1308 1458 1441 1495 Africa

34 1525 256 1574 expelleret.
313 1524 413 1562 Cum
448 1525 630 1573 utrinque
667 1525 891 1574 peritissimi
929 1525 1043 1563 duces
1081 1532 1218 1572 essent,
1259 1527 1441 1564 atrociter

33 1599 248 1644 pugnatum
285 1598 351 1631 est.
428 1592 555 1642 Scipio
585 1598 725 1640 autem,
761 1594 955 1643 equitibus
987 1594 1240 1644 praepollens,
1276 1607 1361 1631 cum
1394 1595 1439 1632 iis

35 1662 207 1699 Poenum
240 1675 262 1699 a
294 1667 403 1711 tergo
432 1661 602 1708 adortus,
632 1662 843 1700 exercitum
871 1662 1041 1700 hostium
1069 1662 1173 1700 fudit
1201 1663 1437 1713 fugavitque.

35 1731 139 1768 Victi
186 1730 523 1780 Carthaginienses
568 1744 700 1780 pacem
745 1732 888 1781 iniquis
931 1732 1219 1769 condicionibus
1265 1733 1441 1782 impetra-

36 1804 184 1836 verunt.
235 1799 432 1836 Hannibal
453 1798 671 1836 exsulatum
691 1806 843 1837 coactus
863 1800 978 1845 abire,
1002 1813 1087 1837 cum
1106 1800 1247 1837 multas
1266 1801 1440 1850 regiones

37 1868 205 1913 adiisset,
226 1880 374 1905 veneno
395 1867 552 1905 tandein
573 1881 611 1904 se
632 1868 838 1905 interemit.

451 2027 488 2062 T
482 2027 526 2062 lle
549 2027 731 2073 Conquest
747 2028 791 2075 cgf
802 2028 1036 2064 Macedonia.

92 2117 394 2157 57.-Devictis
440 2117 597 2156 tandem
635 2118 785 2164 Poenis,
825 2118 1016 2168 Philippo,
1056 2119 1309 2156 Macedonum
1349 2120 1441 2169 regi,

41 2185 186 2222 bellum
215 2186 403 2223 indictum
423 2192 492 2232 est,
514 2187 620 2224 cuius
647 2192 818 2236 potestas
847 2187 970 2224 maior
989 2187 1194 2225 videbatur
1214 2200 1329 2236 quam
1349 2201 1445 2237 quae

41 2254 198 2291 tolerari
225 2260 364 2303 posset.
421 2255 619 2292 Adversus
658 2268 745 2293 eum
772 2255 816 2292 T.
847 2255 1049 2302 Quinctius
1086 2255 1327 2292 Flamininus
1364 2269 1444 2293 rem

42 2335 222 2372 prospere
240 2323 366 2372 gessit.
408 2323 490 2360 Pax
511 2323 600 2360 data
617 2329 674 2360 cst
693 2324 752 2360 his
764 2324 912 2373 legibus
929 2339 934 2361 :
951 2337 998 2361 ne
1014 2324 1194 2361 Graeciae
1210 2324 1441 2369 civitatibus,
