1559 2463
80 43 284 96 PART111.]
405 44 774 81 ALEXANDER
807 43 926 80 THE
958 43 1165 81 GREAT.
1414 54 1482 90 137

78 166 216 202 pueros
260 151 301 189 in
346 151 474 190 studio
511 155 700 190 certantes
737 151 934 201 spectabat
970 151 1193 189 nuntiatum
1230 154 1288 189 est
1325 149 1484 187 deficere

79 221 418 271 Hephaestionem,
439 221 504 271 qui
532 221 665 258 morbo
695 233 743 258 ex
771 220 924 270 crapula
952 225 1148 258 contracto
1178 220 1384 270 septimum
1408 219 1482 256 iam

78 290 182 328 diem
201 290 462 328 decumbebat.
511 289 730 327 Exterritus
750 289 862 327 amici
881 289 1049 339 periculo
1069 289 1201 327 statim
1221 287 1426 337 consurgit,
1447 291 1486 324 et

78 358 127 397 ad
164 359 374 396 tentorium
412 358 646 408 aegrotantis
692 357 916 405 contendit3
961 371 1085 408 neque
1131 362 1262 396 tamen
1299 370 1343 394 eo
1380 356 1486 406 prius

78 429 254 478 pervenit
274 441 388 478 quam
407 428 515 465 illum
535 441 637 465 mors
653 430 913 477 occupaverat.
961 427 1105 477 Magno
1126 427 1257 464 dolore
1274 429 1486 464 commotus

78 509 146 546 per
164 496 386 534 universum
404 495 608 545 imperium
626 495 748 545 lugeri
768 509 855 533 eum
874 495 998 541 iussit,
1019 500 1058 533 et
1076 508 1125 532 ne
1144 495 1328 532 memoria
1347 494 1427 532 eius
1447 493 1486 530 in

79 564 250 602 exercitu
282 564 523 611 exolesceret,
558 563 764 613 equitibus,
798 563 936 613 quibus
968 563 1032 601 ille
1068 562 1298 613 praefuerat,
1337 561 1487 599 nullum

78 633 263 682 praefecit
295 633 441 679 ducem,
478 632 545 669 sed
579 632 880 682 Hephaestionis
910 632 1010 669 alam
1048 632 1232 682 appellari
1268 631 1404 677 voluit,
1436 634 1486 676 et,

79 714 175 750 quae
202 701 267 739 ille
296 701 404 751 signa
431 700 673 746 instituisset,
704 712 748 738 ea
775 713 853 737 non
881 700 1086 737 immutari.
1144 700 1341 738 Funebres
1370 699 1487 737 etiam

78 769 200 815 ludos,
222 769 352 818 quales
371 781 567 818 nunquam
587 772 700 806 antea
720 767 816 805 editi
836 772 937 816 sunt,
959 781 1098 818 magno
1119 768 1307 806 artificum
1326 780 1486 805 numero

79 842 217 883 coacto,
240 836 485 875 celebrandos
505 836 663 874 curavit.
713 836 876 874 Constat
895 849 1045 874 necnon
1065 836 1228 875 cadaver
1246 836 1486 886 Babylonem

79 919 101 943 a
120 905 302 944 Perdicca
321 905 492 943 delatum
512 918 601 943 esse.

483 1030 732 1068 Alexander's
751 1032 827 1068 last
850 1032 1067 1080 Campazgn.

133 1114 349 1154 281.—Ut
385 1119 515 1152 tamen
550 1115 759 1165 paullisper
795 1128 817 1152 a
857 1115 963 1153 luctu
1009 1119 1188 1153 avocaret
1225 1114 1407 1162 animum,
1446 1114 1485 1153 in

81 1184 329 1222 Cossaeorum
362 1184 457 1221 fines
490 1183 777 1233 expeditionem
810 1184 985 1233 suscepit.
1044 1184 1140 1234 Iuga
1170 1184 1324 1222 Mediae
1361 1185 1487 1223 vicina

80 1252 233 1290 Cossaei
248 1257 393 1298 tenent,
410 1265 588 1302 asperum
603 1257 642 1290 et
660 1266 744 1290 acre
760 1266 880 1302 genus
896 1258 935 1290 et
953 1252 1174 1302 praedando
1187 1254 1309 1291 vitam
1324 1254 1487 1292 tolerare

79 1321 243 1359 solitum.
301 1322 364 1359 Ab
383 1321 442 1358 his
462 1334 569 1371 reges
588 1321 793 1359 Persarum
821 1334 948 1359 annuo
968 1321 1114 1360 tributo
1142 1336 1275 1372 pacem
1299 1323 1487 1362 redimere

79 1395 368 1437 consueverant,
398 1403 446 1428 ne
473 1390 655 1428 infestam
682 1390 892 1428 latrociniis
919 1391 1115 1441 regionem
1147 1391 1327 1431 facerent.
1385 1393 1488 1430 Nam

79 1459 158 1496 vim
177 1462 373 1497 tentantes
392 1459 527 1497 Persas
540 1459 651 1497 facile
667 1460 899 1509 repulerant,
917 1460 1124 1510 asperitate
1139 1460 1310 1499 locorum
1326 1461 1487 1509 defensi,

80 1528 120 1565 in
153 1541 249 1577 quae
282 1541 320 1566 se
353 1528 599 1577 recipiebant,
640 1528 817 1577 quotiens
851 1528 966 1566 armis
999 1529 1289 1579 superabantur.
1363 1531 1488 1568 Iidem

80 1597 301 1635 muneribus
317 1597 523 1646 quotannis
538 1597 799 1646 placabantur,
816 1602 860 1635 ut
878 1598 960 1648 regi
974 1597 1191 1645 Ecbatanis,
1214 1599 1281 1637 ubi
1301 1604 1487 1638 aestatem

81 1665 227 1703 solebat
246 1678 367 1715 agere,
388 1665 629 1714 Babylonem
656 1666 883 1716 remigranti
902 1670 1010 1704 tutus
1038 1680 1108 1716 per
1135 1680 1179 1705 ea
1198 1667 1279 1705 loca
1298 1669 1486 1707 transitus

80 1738 188 1772 esset.
246 1734 329 1771 Hos
358 1733 477 1784 igitur
505 1734 728 1772 Alexander
755 1735 941 1784 bipartito
973 1735 1124 1785 agmine
1153 1749 1353 1786 aggressus
1385 1737 1487 1776 intra

80 1802 335 1852 quadraginta
363 1802 443 1840 dies
471 1803 713 1852 perdomuit,
750 1816 840 1840 nam
868 1804 915 1841 ab
949 1804 1031 1854 ipso
1059 1817 1146 1854 rege
1175 1809 1214 1842 et
1250 1805 1484 1853 Ptolemaeo,

80 1872 145 1921 qui
164 1876 313 1921 partem
333 1871 521 1909 exercitus
550 1871 723 1919 ducebat,
745 1885 823 1910 non
852 1872 968 1910 semel
997 1873 1106 1920 caesi,
1136 1877 1180 1911 ut
1208 1874 1378 1923 captivos
1398 1888 1485 1912 suos

78 1940 303 1989 reciperent,
324 1940 461 1977 victori
480 1953 518 1978 se
537 1941 803 1990 permiserunt.
862 1941 933 1979 Ille
953 1941 1099 1979 validas
1125 1942 1239 1980 urbes
1258 1944 1487 1992 opportunis

78 2008 172 2046 locis
200 2009 347 2046 exstrui
375 2009 496 2055 iussit,
518 2022 565 2047 ne
594 2009 759 2048 abducto
786 2010 958 2048 exercitu
977 2010 1058 2048 fera
1084 2024 1178 2060 gens
1204 2012 1315 2049 officii
1334 2012 1488 2050 oblivis—

79 2081 237 2115 ceretur.

578 2149 726 2185 Return
748 2153 781 2185 to
800 2149 982 2196 Babylon.

133 2229 419 2269 282.—Motis
459 2229 549 2268 inde
595 2231 739 2278 castris,
778 2236 821 2268 ut
858 2231 1021 2269 militem
1058 2231 1303 2282 expeditione
1339 2234 1484 2272 recenti

79 2298 223 2337 fessum
241 2298 422 2346 reficeret,
443 2298 548 2337 lento
577 2299 728 2350 agmine
756 2299 995 2350 Babylonem
1026 2300 1265 2351 procedebat.
1324 2302 1483 2353 Iamque
