1559 2463
624 675 789 711 PART
813 675 871 710 ll.

401 858 677 895 HISTORY
724 857 804 894 OF
852 857 1100 894 GREECE

189 992 267 1030 TO
298 991 426 1027 THE
459 990 883 1028 MACEDONIAN
916 990 1313 1029 SUPREMACY.

415 1165 490 1200 lee
508 1162 679 1211 different
696 1163 862 1199 Nations
879 1163 924 1210 of
941 1164 1076 1201 Greece.

104 1254 459 1295 loa—Graeciam
500 1255 718 1292 incolebant
763 1254 907 1292 multae
952 1260 1085 1304 gentes
1131 1268 1227 1304 quae
1274 1256 1448 1304 quamvis

48 1324 181 1361 eadem
214 1324 354 1374 lingua,
390 1324 522 1361 eadem
555 1324 632 1361 fere
666 1324 767 1361 vitae
800 1323 948 1361 ratione
982 1328 1194 1370 uterentur,
1224 1324 1448 1374 plerumque

45 1393 146 1430 inter
174 1405 212 1430 se
239 1392 529 1430 dissentiebant.
587 1391 705 1429 Cuius
738 1393 793 1429 rei
822 1405 953 1429 caussa
981 1392 1136 1429 videtur
1167 1406 1247 1430 esse
1277 1393 1379 1442 quod
1408 1394 1447 1430 in

46 1461 258 1510 complures
278 1467 405 1511 partes
424 1467 507 1498 tota
526 1460 686 1498 Graecia
705 1461 901 1498 montibus
929 1460 1184 1499 dividebatur.
1244 1462 1305 1499 Ita
1324 1462 1368 1500 fit
1390 1468 1445 1508 ut,

46 1531 76 1567 si
105 1531 189 1579 quis
217 1544 276 1568 res
305 1544 326 1567 a
346 1530 500 1568 Graecis
529 1535 654 1580 gestas
682 1530 896 1580 intelligere
926 1530 1032 1576 velit,
1063 1531 1092 1567 is
1123 1531 1323 1568 civitatum
1352 1532 1445 1568 mul-

44 1604 170 1637 tarum
189 1600 288 1637 facta
308 1599 611 1637 animadvertere
632 1604 799 1649 cogatur.
847 1599 898 1636 Et
917 1604 1075 1649 propter
1095 1600 1255 1638 eandem
1275 1614 1445 1638 caussam

46 1668 261 1705 videbimus
298 1681 485 1705 summam
522 1672 755 1716 potestatem
791 1680 907 1716 penes
948 1667 1076 1717 plures
1113 1674 1247 1718 gentes
1285 1669 1445 1706 diversis

44 1736 280 1785 temporibus
300 1736 425 1773 fuisse.
484 1736 619 1785 Itaque
639 1735 908 1781 Athenienses,
932 1735 1234 1782 Lacedaemonii,
1257 1737 1442 1784 Thebani,

45 1805 284 1850 Macedones,
307 1805 371 1841 alii
390 1810 477 1853 post
496 1804 589 1841 alios
610 1817 758 1841 summo
784 1804 943 1853 imperio
969 1805 1093 1853 potiti,
1117 1818 1138 1841 a
1163 1806 1445 1854 potentioribus

45 1873 209 1911 invicem
224 1873 366 1911 devicti
381 1873 590 1910 victoribus
611 1873 751 1910 servire
772 1873 892 1910 coacti
912 1878 1011 1911 sunt.
1056 1873 1255 1911 Graeciam
1275 1875 1443 1921 tandem,

43 1946 103 1979 tot
122 1941 232 1979 bellis
254 1941 449 1979 intestinis
469 1941 704 1988 dilaniatam,
727 1941 890 1979 Romani
911 1955 1000 1979 suae
1021 1942 1179 1980 ditionis
1208 1942 1382 1980 fecerunt
1408 1948 1446 1981 et

44 2009 84 2047 in
104 2009 267 2048 formam
285 2010 502 2060 provinciae
522 2009 761 2060 redegerunt.

372 2171 448 2206 lee
469 2170 588 2208 Greek
615 2170 774 2207 Colom'es
793 2170 833 2206 in
853 2170 888 2205 A
893 2169 950 2205 sia
970 2170 1114 2206 llffz'nor.

100 2260 394 2300 104.—-Graeci
422 2261 460 2298 in
482 2262 614 2299 Asiam
644 2261 796 2298 colonos
825 2261 1037 2311 antiquitus
1065 2262 1250 2299 miserant
1278 2268 1317 2299 et
1344 2276 1446 2312 mag-

44 2341 133 2367 nam
162 2335 313 2379 partem
341 2342 427 2367 orae
465 2330 681 2367 maritimae
719 2330 956 2368 obtinebant.
1022 2330 1105 2369 Hae
1143 2331 1312 2369 coloniae
1350 2331 1445 2369 adeo

728 2408 756 2436 D
