1559 2463
91 34 294 86 PART111.]
412 37 783 73 ALEXANDER
816 37 935 72 THE
967 37 1175 73 GREAT.
1425 48 1493 85 125

91 147 256 184 vulnere
280 147 384 184 ferae
416 147 552 185 dentes
581 146 832 184 moribundus
862 160 1013 196 quoque
1043 148 1235 193 infixerat,
1269 152 1417 185 tantam
1457 149 1495 185 in

90 215 166 252 illis
194 215 421 253 animalibus
450 216 498 253 ad
525 214 745 253 venandum
773 215 1026 265 cupiditatem
1054 216 1297 266 ingenerasse
1318 221 1496 254 naturam

90 284 297 322 memoriae
315 284 512 334 proditum
532 288 599 321 est.

529 443 757 489 Complaints
775 442 818 489 (ff
829 442 887 478 the
912 442 951 477 T
947 448 1056 490 reeps.

142 532 400 571 255.—Inde
434 538 593 569 ventum
626 538 684 570 est
721 533 760 570 in
792 533 988 582 regionem
1022 532 1309 582 Oxydracarum
1344 533 1498 571 Mallor-

90 613 229 649 umque
250 613 344 650 quos
359 600 452 638 alias
470 600 613 638 bellare
632 601 734 638 inter
749 614 787 638 se
804 600 935 638 solitos
955 606 1045 637 tunc
1066 613 1266 638 commune
1284 601 1496 650 periculum

88 668 276 706 iunxerat.
333 669 388 706 At
407 669 637 706 Macedones
666 669 730 719 qui
759 669 864 707 omni
884 669 1102 707 discrimine
1131 669 1208 706 iam
1235 669 1437 707 defunctos
1457 683 1496 706 se

89 749 168 773 esse
203 736 454 783 crediderant,
493 743 697 787 postquam
726 738 919 787 integrum
948 737 1091 775 bellum
1129 750 1215 775 cum
1251 737 1495 775 ferocissimis

87 805 222 843 Indiae
251 806 430 856 gentibus
464 819 657 855 superesse
687 810 958 856 cognoverunt,
991 806 1199 855 improviso
1230 811 1335 843 metu
1367 806 1493 843 territi

86 887 215 912 rursus
243 874 433 912 seditiosis
462 875 617 913 vocibus
646 888 774 924 regem
807 875 1003 924 increpare
1032 879 1248 924 coeperunt.
1330 874 1491 925 Gangen

86 955 237 979 amnem
267 948 305 980 et
333 956 428 992 quae
462 943 564 981 ultra
596 948 724 980 essent
756 948 928 980 coactum
961 943 1224 980 transmittere
1252 955 1329 980 non
1363 948 1490 981 tamen

85 1011 239 1057 finiisse,
257 1012 322 1049 sed
338 1017 503 1049 mutasse
524 1012 677 1049 bellum.
733 1011 940 1049 Indomitis
959 1012 1140 1061 gentibus
1159 1012 1328 1049 obiectos
1348 1025 1429 1049 sese
1448 1017 1492 1049 ut

85 1080 268 1129 sanguine
289 1094 355 1118 suo
376 1081 568 1130 aperirent
597 1081 630 1118 ei
651 1093 842 1118 oceanum.
903 1080 1020 1118 Trahi
1041 1084 1151 1118 extra
1170 1080 1295 1118 sidera
1314 1085 1352 1117 et
1372 1081 1490 1118 solem

84 1149 242 1199 cogique
268 1149 373 1187 adire
394 1163 490 1199 quae
518 1149 740 1187 mortalium
760 1149 878 1187 oculis
906 1154 1045 1187 natura
1073 1149 1310 1187 subduxerit.
1369 1149 1491 1187 Novis

82 1217 296 1256 identidem
316 1219 430 1255 armis
449 1231 568 1256 novos
587 1218 717 1255 hostes
736 1217 927 1255 exsistere.
987 1217 1090 1264 Quos
1109 1222 1154 1254 ut
1173 1230 1304 1255 omnes
1323 1217 1491 1256 fundant

83 1286 306 1336 frigentque,
345 1286 447 1336 quod
484 1287 697 1336 praemium
735 1299 773 1324 se
809 1288 990 1324 maneres.2
1028 1286 1231 1336 caliginem
1268 1286 1412 1324 scilicet
1448 1300 1490 1324 ac

83 1355 260 1392 tenebras
307 1360 346 1392 et
389 1360 615 1404 perpetuam
660 1360 814 1393 noctem
859 1354 1053 1404 profundo
1089 1355 1337 1393 incubantem
1381 1356 1490 1403 mari,

82 1422 273 1471 repletum
291 1423 516 1460 immanium
531 1424 731 1461 beluarum
749 1424 930 1473 gregibus
944 1423 1101 1470 fretum,
1121 1424 1338 1462 immobiles
1353 1424 1489 1471 undas,

81 1492 121 1529 in
142 1492 280 1541 quibus
301 1493 488 1530 emoriens
507 1497 646 1530 natura
665 1492 857 1531 defecerit.

326 1652 546 1687 Alexander
563 1652 690 1688 recalls
710 1652 804 1688 tlzem
825 1656 860 1688 te
879 1665 902 1688 a
923 1653 1030 1689 Sense
1048 1652 1094 1698 of
1104 1653 1222 1700 Duty.

132 1751 380 1790 256.—Rex
409 1756 540 1789 contra
568 1765 645 1788 non
674 1765 742 1788 sua
770 1751 836 1789 sed
865 1752 1033 1789 militum
1053 1752 1310 1789 sollicitudine
1336 1753 1486 1799 anxius,

80 1820 259 1857 concione
297 1819 483 1857 advocata
519 1820 632 1857 docet
667 1820 840 1858 imbelles
873 1833 955 1857 esse
987 1833 1082 1870 quos
1119 1825 1304 1858 metuant.
1378 1821 1486 1859 Nihil

79 1887 218 1925 deinde
246 1892 396 1937 praeter
423 1888 492 1925 has
524 1893 658 1937 gentes
691 1888 843 1925 obstare
873 1901 949 1937 quo
981 1889 1108 1925 minus
1142 1893 1330 1926 terrarum
1363 1890 1487 1938 spatia

79 1957 224 1994 emensi
243 1956 291 1994 ad
310 1957 426 1994 finem
445 1957 559 1994 simul
587 1956 723 1993 mundi
752 1957 1001 2006 laborumque
1022 1957 1261 2006 perveniant.
1319 1957 1486 1995 Cessisse

78 2037 118 2062 se
137 2025 213 2062 illis
228 2025 490 2063 metuentibus
506 2025 667 2074 Gangen
687 2030 726 2062 et
745 2025 1034 2063 multitudinem
1054 2025 1256 2063 nationum
1272 2039 1369 2075 quae
1385 2027 1486 2065 ultra

77 2106 230 2131 amnem
249 2099 375 2131 essent
392 2109 398 2130 z
419 2093 627 2130 declinasse
647 2093 721 2131 iter
741 2107 795 2141 eo,
812 2093 878 2130 ubi
898 2107 967 2142 par
985 2093 1106 2143 gloria
1125 2094 1252 2131 minus
1272 2095 1483 2143 periculum

77 2167 186 2199 esset.
243 2162 326 2199 Iam
354 2162 569 2211 prospicere
597 2174 636 2199 se
665 2174 861 2207 oceanum,
890 2162 966 2199 iam
994 2162 1154 2210 perflare
1182 2162 1231 2199 ad
1259 2176 1323 2200 eos
1350 2176 1482 2201 auram

77 2230 192 2267 maris
209 2246 215 2267 :
243 2243 291 2267 ne
311 2229 530 2267 inviderent
549 2229 622 2267 sibi
649 2229 799 2267 laudem
829 2243 944 2279 quam
963 2235 1121 2279 peteret.
1180 2230 1422 2277 Paterentur,
1443 2245 1481 2269 se

77 2311 125 2335 ex
153 2298 267 2336 India
298 2298 433 2343 redire,
472 2311 550 2336 non
586 2298 728 2348 fugere.
785 2298 933 2345 Quibus
969 2298 1124 2345 auditis,
1155 2304 1199 2337 ut
1226 2304 1317 2336 sunt
1348 2300 1482 2338 mobili
