<?xml version="1.0" encoding="UTF-8"?>
<!DOCTYPE html PUBLIC "-//W3C//DTD XHTML 1.0 Transitional//EN"
    "http://www.w3.org/TR/xhtml1/DTD/xhtml1-transitional.dtd">
<html xmlns="http://www.w3.org/1999/xhtml" xml:lang="en" lang="en">
 <head>
  <title>
</title>
<meta http-equiv="Content-Type" content="text/html;charset=utf-8" />
  <meta name='ocr-system' content='tesseract 3.04.00' />
  <meta name='ocr-capabilities' content='ocr_page ocr_carea ocr_par ocr_line ocrx_word'/>
</head>
<body>
  <div class='ocr_page' id='page_1' title='image "./secondlatinreadi00benn_0050.png"; bbox 0 0 1559 2463; ppageno 0'>
   <div class='ocr_carea' id='block_1_1' title="bbox 124 93 1524 145">
    <p class='ocr_par' dir='ltr' id='par_1_1' title="bbox 124 93 1524 145">
     <span class='ocr_line' id='line_1_1' title="bbox 124 93 1524 145; baseline -0.001 -14"><span class='ocrx_word' id='word_1_1' title='bbox 124 107 171 142; x_wconf 90' lang='lat'>32</span> <span class='ocrx_word' id='word_1_2' title='bbox 353 95 589 132; x_wconf 81' lang='lat' dir='ltr'><em>SECOND</em></span> <span class='ocrx_word' id='word_1_3' title='bbox 619 96 808 131; x_wconf 73' lang='lat' dir='ltr'><em>LATJN</em></span> <span class='ocrx_word' id='word_1_4' title='bbox 828 95 1106 132; x_wconf 70' lang='lat' dir='ltr'><em>READJNG</em></span> <span class='ocrx_word' id='word_1_5' title='bbox 1134 95 1303 132; x_wconf 87' lang='lat' dir='ltr'><em>BOOK.</em></span> <span class='ocrx_word' id='word_1_6' title='bbox 1360 93 1479 145; x_wconf 84' lang='lat' dir='ltr'>[PART</span> <span class='ocrx_word' id='word_1_7' title='bbox 1501 106 1524 131; x_wconf 90' lang='lat'>1.</span> 
     </span>
    </p>
   </div>
   <div class='ocr_carea' id='block_1_2' title="bbox 676 215 973 252">
    <p class='ocr_par' dir='ltr' id='par_1_2' title="bbox 676 215 973 252">
     <span class='ocr_line' id='line_1_2' title="bbox 676 215 973 252; baseline -0.003 -1"><span class='ocrx_word' id='word_1_8' title='bbox 676 215 753 251; x_wconf 63' lang='grc' dir='ltr'>Τίτε</span> <span class='ocrx_word' id='word_1_9' title='bbox 769 216 973 252; x_wconf 80' lang='lat' dir='ltr'>Provinces.</span> 
     </span>
    </p>
   </div>
   <div class='ocr_carea' id='block_1_3' title="bbox 118 305 1523 1041">
    <p class='ocr_par' dir='ltr' id='par_1_3' title="bbox 118 305 1523 1041">
     <span class='ocr_line' id='line_1_3' title="bbox 175 305 1523 355; baseline -0.001 -10"><span class='ocrx_word' id='word_1_10' title='bbox 175 306 392 345; x_wconf 57' lang='lat' dir='ltr'>effa-Mos</span> <span class='ocrx_word' id='word_1_11' title='bbox 437 310 519 343; x_wconf 90' lang='lat' dir='ltr'>erat</span> <span class='ocrx_word' id='word_1_12' title='bbox 556 310 599 342; x_wconf 93' lang='lat' dir='ltr'>ut</span> <span class='ocrx_word' id='word_1_13' title='bbox 636 305 851 343; x_wconf 89' lang='lat' dir='ltr'>consulares</span> <span class='ocrx_word' id='word_1_14' title='bbox 895 309 984 354; x_wconf 90' lang='lat' dir='ltr'>post</span> <span class='ocrx_word' id='word_1_15' title='bbox 1024 305 1264 342; x_wconf 89' lang='lat' dir='ltr'>consulatum</span> <span class='ocrx_word' id='word_1_16' title='bbox 1309 305 1523 355; x_wconf 88' lang='lat' dir='ltr'>provincias</span> 
     </span>
     <span class='ocr_line' id='line_1_4' title="bbox 122 372 1521 423; baseline 0.001 -14"><span class='ocrx_word' id='word_1_17' title='bbox 122 372 447 411; x_wconf 71' lang='lat' dir='ltr'>administrarent.</span> <span class='ocrx_word' id='word_1_18' title='bbox 503 373 688 411; x_wconf 80' lang='lat' dir='ltr'>Consules</span> <span class='ocrx_word' id='word_1_19' title='bbox 726 378 855 411; x_wconf 90' lang='lat' dir='ltr'>autem</span> <span class='ocrx_word' id='word_1_20' title='bbox 892 386 977 410; x_wconf 86' lang='lat' dir='ltr'>cum</span> <span class='ocrx_word' id='word_1_21' title='bbox 1014 387 1036 410; x_wconf 88' lang='lat' dir='ltr'>a</span> <span class='ocrx_word' id='word_1_22' title='bbox 1071 373 1182 422; x_wconf 81' lang='lat' dir='ltr'>plebe</span> <span class='ocrx_word' id='word_1_23' title='bbox 1219 373 1521 423; x_wconf 72' lang='lat' dir='ltr'>designarentur,</span> 
     </span>
     <span class='ocr_line' id='line_1_5' title="bbox 120 440 1523 492; baseline 0 -14"><span class='ocrx_word' id='word_1_24' title='bbox 120 441 221 479; x_wconf 89' lang='lat' dir='ltr'>ludis</span> <span class='ocrx_word' id='word_1_25' title='bbox 253 441 449 488; x_wconf 81' lang='lat' dir='ltr'>faciendis,</span> <span class='ocrx_word' id='word_1_26' title='bbox 478 442 701 480; x_wconf 86' lang='lat' dir='ltr'>muneribus</span> <span class='ocrx_word' id='word_1_27' title='bbox 734 441 1010 480; x_wconf 82' lang='lat' dir='ltr'>distribuendis</span> <span class='ocrx_word' id='word_1_28' title='bbox 1042 440 1144 491; x_wconf 87' lang='lat' dir='ltr'>plebi</span> <span class='ocrx_word' id='word_1_29' title='bbox 1176 442 1275 492; x_wconf 86' lang='lat' dir='ltr'>grati</span> <span class='ocrx_word' id='word_1_30' title='bbox 1307 455 1387 480; x_wconf 86' lang='lat' dir='ltr'>esse</span> <span class='ocrx_word' id='word_1_31' title='bbox 1415 455 1523 479; x_wconf 89' lang='lat' dir='ltr'>cona-</span> 
     </span>
     <span class='ocr_line' id='line_1_6' title="bbox 121 510 1520 561; baseline 0 -14"><span class='ocrx_word' id='word_1_32' title='bbox 121 510 271 548; x_wconf 81' lang='lat' dir='ltr'>bantur.</span> <span class='ocrx_word' id='word_1_33' title='bbox 329 510 432 558; x_wconf 80' lang='lat' dir='ltr'>Quas</span> <span class='ocrx_word' id='word_1_34' title='bbox 463 516 621 560; x_wconf 89' lang='lat' dir='ltr'>propter</span> <span class='ocrx_word' id='word_1_35' title='bbox 652 511 875 561; x_wconf 79' lang='lat' dir='ltr'>largitiones</span> <span class='ocrx_word' id='word_1_36' title='bbox 903 511 1018 561; x_wconf 89' lang='lat' dir='ltr'>vulgo</span> <span class='ocrx_word' id='word_1_37' title='bbox 1047 511 1162 548; x_wconf 89' lang='lat' dir='ltr'>fiebat</span> <span class='ocrx_word' id='word_1_38' title='bbox 1194 516 1237 548; x_wconf 93' lang='lat' dir='ltr'>ut</span> <span class='ocrx_word' id='word_1_39' title='bbox 1264 511 1520 559; x_wconf 88' lang='lat' dir='ltr'>proconsules,</span> 
     </span>
     <span class='ocr_line' id='line_1_7' title="bbox 120 578 1521 629; baseline 0 -13"><span class='ocrx_word' id='word_1_40' title='bbox 120 578 160 616; x_wconf 89' lang='lat' dir='ltr'>id</span> <span class='ocrx_word' id='word_1_41' title='bbox 197 591 337 617; x_wconf 88' lang='lat' dir='ltr'>nomen</span> <span class='ocrx_word' id='word_1_42' title='bbox 373 580 656 628; x_wconf 81' lang='lat' dir='ltr'>provinciarum</span> <span class='ocrx_word' id='word_1_43' title='bbox 694 579 1069 618; x_wconf 85' lang='lat' dir='ltr'>administratoribus</span> <span class='ocrx_word' id='word_1_44' title='bbox 1105 579 1190 625; x_wconf 83' lang='lat' dir='ltr'>fuit,</span> <span class='ocrx_word' id='word_1_45' title='bbox 1224 579 1445 629; x_wconf 85' lang='lat' dir='ltr'>priusquam</span> <span class='ocrx_word' id='word_1_46' title='bbox 1482 579 1521 616; x_wconf 90' lang='lat' dir='ltr'>in</span> 
     </span>
     <span class='ocr_line' id='line_1_8' title="bbox 119 648 1521 699; baseline 0 -14"><span class='ocrx_word' id='word_1_47' title='bbox 119 648 335 697; x_wconf 85' lang='lat' dir='ltr'>provincias</span> <span class='ocrx_word' id='word_1_48' title='bbox 358 649 462 686; x_wconf 88' lang='lat' dir='ltr'>abire</span> <span class='ocrx_word' id='word_1_49' title='bbox 482 653 652 698; x_wconf 86' lang='lat' dir='ltr'>possent,</span> <span class='ocrx_word' id='word_1_50' title='bbox 683 662 823 699; x_wconf 85' lang='lat' dir='ltr'>magno</span> <span class='ocrx_word' id='word_1_51' title='bbox 852 653 981 687; x_wconf 88' lang='lat' dir='ltr'>essent</span> <span class='ocrx_word' id='word_1_52' title='bbox 1010 648 1049 685; x_wconf 90' lang='lat' dir='ltr'>in</span> <span class='ocrx_word' id='word_1_53' title='bbox 1080 661 1165 685; x_wconf 89' lang='lat' dir='ltr'>aere</span> <span class='ocrx_word' id='word_1_54' title='bbox 1194 648 1326 685; x_wconf 89' lang='lat' dir='ltr'>alieno.</span> <span class='ocrx_word' id='word_1_55' title='bbox 1384 648 1521 697; x_wconf 88' lang='lat' dir='ltr'>Itaque</span> 
     </span>
     <span class='ocr_line' id='line_1_9' title="bbox 119 716 1516 767; baseline -0.001 -13"><span class='ocrx_word' id='word_1_56' title='bbox 119 721 162 754; x_wconf 89' lang='lat' dir='ltr'>ut</span> <span class='ocrx_word' id='word_1_57' title='bbox 182 730 245 754; x_wconf 86' lang='lat' dir='ltr'>aes</span> <span class='ocrx_word' id='word_1_58' title='bbox 263 717 430 766; x_wconf 86' lang='lat' dir='ltr'>persolvi</span> <span class='ocrx_word' id='word_1_59' title='bbox 458 722 597 767; x_wconf 89' lang='lat' dir='ltr'>posset,</span> <span class='ocrx_word' id='word_1_60' title='bbox 618 717 800 767; x_wconf 85' lang='lat' dir='ltr'>pecuniae</span> <span class='ocrx_word' id='word_1_61' title='bbox 820 731 841 755; x_wconf 93' lang='lat' dir='ltr'>a</span> <span class='ocrx_word' id='word_1_62' title='bbox 859 717 1064 766; x_wconf 89' lang='lat' dir='ltr'>provinciis</span> <span class='ocrx_word' id='word_1_63' title='bbox 1093 716 1379 766; x_wconf 80' lang='lat' dir='ltr'>extorquendae</span> <span class='ocrx_word' id='word_1_64' title='bbox 1400 721 1516 754; x_wconf 90' lang='lat' dir='ltr'>erant.</span> 
     </span>
     <span class='ocr_line' id='line_1_10' title="bbox 119 785 1518 836; baseline -0.001 -14"><span class='ocrx_word' id='word_1_65' title='bbox 119 785 371 823; x_wconf 87' lang='lat' dir='ltr'>Proconsules</span> <span class='ocrx_word' id='word_1_66' title='bbox 399 791 538 833; x_wconf 90' lang='lat' dir='ltr'>autem,</span> <span class='ocrx_word' id='word_1_67' title='bbox 561 786 593 823; x_wconf 90' lang='lat' dir='ltr'>si</span> <span class='ocrx_word' id='word_1_68' title='bbox 621 785 775 836; x_wconf 88' lang='lat' dir='ltr'>quando</span> <span class='ocrx_word' id='word_1_69' title='bbox 804 785 970 823; x_wconf 88' lang='lat' dir='ltr'>admisso</span> <span class='ocrx_word' id='word_1_70' title='bbox 999 798 1073 834; x_wconf 91' lang='lat' dir='ltr'>quo</span> <span class='ocrx_word' id='word_1_71' title='bbox 1101 785 1268 822; x_wconf 80' lang='lat' dir='ltr'>facinore</span> <span class='ocrx_word' id='word_1_72' title='bbox 1291 785 1346 822; x_wconf 92' lang='lat' dir='ltr'>rei</span> <span class='ocrx_word' id='word_1_73' title='bbox 1373 785 1518 830; x_wconf 92' lang='lat' dir='ltr'>fierent,</span> 
     </span>
     <span class='ocr_line' id='line_1_11' title="bbox 118 853 1520 904; baseline -0.001 -13"><span class='ocrx_word' id='word_1_74' title='bbox 118 853 319 900; x_wconf 88' lang='lat' dir='ltr'>iudicibus,</span> <span class='ocrx_word' id='word_1_75' title='bbox 358 854 424 904; x_wconf 92' lang='lat' dir='ltr'>qui</span> <span class='ocrx_word' id='word_1_76' title='bbox 470 859 665 892; x_wconf 86' lang='lat' dir='ltr'>senatores</span> <span class='ocrx_word' id='word_1_77' title='bbox 702 859 821 901; x_wconf 88' lang='lat' dir='ltr'>erant,</span> <span class='ocrx_word' id='word_1_78' title='bbox 860 853 1020 903; x_wconf 88' lang='lat' dir='ltr'>pecunia</span> <span class='ocrx_word' id='word_1_79' title='bbox 1061 853 1259 902; x_wconf 88' lang='lat' dir='ltr'>corruptis,</span> <span class='ocrx_word' id='word_1_80' title='bbox 1297 853 1520 902; x_wconf 90' lang='lat' dir='ltr'>plerumque</span> 
     </span>
     <span class='ocr_line' id='line_1_12' title="bbox 118 921 1520 972; baseline -0.001 -12"><span class='ocrx_word' id='word_1_81' title='bbox 118 923 288 960; x_wconf 88' lang='lat' dir='ltr'>criminis</span> <span class='ocrx_word' id='word_1_82' title='bbox 315 923 624 970; x_wconf 86' lang='lat' dir='ltr'>absolvebantur,</span> <span class='ocrx_word' id='word_1_83' title='bbox 647 936 733 960; x_wconf 89' lang='lat' dir='ltr'>cum</span> <span class='ocrx_word' id='word_1_84' title='bbox 762 936 806 961; x_wconf 92' lang='lat' dir='ltr'>eo</span> <span class='ocrx_word' id='word_1_85' title='bbox 834 935 990 960; x_wconf 87' lang='lat' dir='ltr'>munere</span> <span class='ocrx_word' id='word_1_86' title='bbox 1011 922 1216 972; x_wconf 87' lang='lat' dir='ltr'>aliquando</span> <span class='ocrx_word' id='word_1_87' title='bbox 1246 926 1284 959; x_wconf 90' lang='lat' dir='ltr'>et</span> <span class='ocrx_word' id='word_1_88' title='bbox 1311 922 1383 971; x_wconf 89' lang='lat' dir='ltr'>ipsi</span> <span class='ocrx_word' id='word_1_89' title='bbox 1411 921 1520 972; x_wconf 86' lang='lat' dir='ltr'>fungi</span> 
     </span>
     <span class='ocr_line' id='line_1_13' title="bbox 119 997 456 1041; baseline 0 -12"><span class='ocrx_word' id='word_1_90' title='bbox 119 997 302 1041; x_wconf 90' lang='lat' dir='ltr'>cuperent</span> <span class='ocrx_word' id='word_1_91' title='bbox 321 997 456 1041; x_wconf 88' lang='lat' dir='ltr'>patres.</span> 
     </span>
    </p>
   </div>
   <div class='ocr_carea' id='block_1_4' title="bbox 627 1114 1018 1151">
    <p class='ocr_par' dir='ltr' id='par_1_4' title="bbox 627 1114 1018 1151">
     <span class='ocr_line' id='line_1_14' title="bbox 627 1114 1018 1151; baseline 0 -2"><span class='ocrx_word' id='word_1_92' title='bbox 627 1114 666 1150; x_wconf 81' lang='lat' dir='ltr'><em>T</em></span> <span class='ocrx_word' id='word_1_93' title='bbox 662 1114 796 1149; x_wconf 71' lang='lat' dir='ltr'>iberius</span> <span class='ocrx_word' id='word_1_94' title='bbox 821 1114 1018 1151; x_wconf 67' lang='lat' dir='ltr'>Gracchus.</span> 
     </span>
    </p>
   </div>
   <div class='ocr_carea' id='block_1_5' title="bbox 115 1204 1519 1873">
    <p class='ocr_par' dir='ltr' id='par_1_5' title="bbox 115 1204 1519 1873">
     <span class='ocr_line' id='line_1_15' title="bbox 171 1204 1518 1255; baseline -0.004 -10"><span class='ocrx_word' id='word_1_95' title='bbox 171 1205 474 1245; x_wconf 82' lang='lat' dir='ltr'>67.—-Tiberius</span> <span class='ocrx_word' id='word_1_96' title='bbox 494 1205 653 1255; x_wconf 86' lang='lat' dir='ltr'>quidam</span> <span class='ocrx_word' id='word_1_97' title='bbox 673 1205 869 1243; x_wconf 85' lang='lat' dir='ltr'>Gracchus</span> <span class='ocrx_word' id='word_1_98' title='bbox 885 1209 1083 1253; x_wconf 84' lang='lat' dir='ltr'>corruptos</span> <span class='ocrx_word' id='word_1_99' title='bbox 1103 1204 1242 1241; x_wconf 86' lang='lat' dir='ltr'>civium</span> <span class='ocrx_word' id='word_1_100' title='bbox 1262 1217 1386 1241; x_wconf 87' lang='lat' dir='ltr'>mores</span> <span class='ocrx_word' id='word_1_101' title='bbox 1409 1218 1518 1254; x_wconf 83' lang='lat' dir='ltr'>acgre</span> 
     </span>
     <span class='ocr_line' id='line_1_16' title="bbox 117 1272 1519 1322; baseline -0.001 -11"><span class='ocrx_word' id='word_1_102' title='bbox 117 1274 254 1320; x_wconf 82' lang='lat' dir='ltr'>ferens,</span> <span class='ocrx_word' id='word_1_103' title='bbox 284 1273 471 1311; x_wconf 88' lang='lat' dir='ltr'>Italorum</span> <span class='ocrx_word' id='word_1_104' title='bbox 504 1274 617 1311; x_wconf 85' lang='lat' dir='ltr'>simul</span> <span class='ocrx_word' id='word_1_105' title='bbox 650 1274 952 1322; x_wconf 83' lang='lat' dir='ltr'>Latinorumque</span> <span class='ocrx_word' id='word_1_106' title='bbox 981 1273 1184 1318; x_wconf 77' lang='lat' dir='ltr'>miseritus,</span> <span class='ocrx_word' id='word_1_107' title='bbox 1224 1285 1309 1309; x_wconf 92' lang='lat' dir='ltr'>cum</span> <span class='ocrx_word' id='word_1_108' title='bbox 1341 1272 1519 1310; x_wconf 89' lang='lat' dir='ltr'>tribunus</span> 
     </span>
     <span class='ocr_line' id='line_1_17' title="bbox 115 1341 1517 1391; baseline -0.001 -12"><span class='ocrx_word' id='word_1_109' title='bbox 115 1342 237 1391; x_wconf 90' lang='lat' dir='ltr'>plebis</span> <span class='ocrx_word' id='word_1_110' title='bbox 257 1346 366 1388; x_wconf 87' lang='lat' dir='ltr'>esset,</span> <span class='ocrx_word' id='word_1_111' title='bbox 389 1342 437 1380; x_wconf 92' lang='lat' dir='ltr'>ab</span> <span class='ocrx_word' id='word_1_112' title='bbox 457 1342 707 1391; x_wconf 88' lang='lat' dir='ltr'>optimatibus</span> <span class='ocrx_word' id='word_1_113' title='bbox 727 1342 899 1388; x_wconf 88' lang='lat' dir='ltr'>descivit,</span> <span class='ocrx_word' id='word_1_114' title='bbox 921 1342 1044 1391; x_wconf 84' lang='lat' dir='ltr'>legem</span> <span class='ocrx_word' id='word_1_115' title='bbox 1064 1341 1250 1391; x_wconf 80' lang='lat' dir='ltr'>agrariam</span> <span class='ocrx_word' id='word_1_116' title='bbox 1269 1341 1367 1378; x_wconf 89' lang='lat' dir='ltr'>tulit.</span> <span class='ocrx_word' id='word_1_117' title='bbox 1412 1341 1517 1391; x_wconf 84' lang='lat' dir='ltr'>Agro</span> 
     </span>
     <span class='ocr_line' id='line_1_18' title="bbox 115 1409 1517 1460; baseline -0.002 -11"><span class='ocrx_word' id='word_1_118' title='bbox 115 1411 218 1449; x_wconf 87' lang='lat' dir='ltr'>enim</span> <span class='ocrx_word' id='word_1_119' title='bbox 245 1410 398 1460; x_wconf 87' lang='lat' dir='ltr'>publico</span> <span class='ocrx_word' id='word_1_120' title='bbox 427 1411 637 1448; x_wconf 88' lang='lat' dir='ltr'>utebantur</span> <span class='ocrx_word' id='word_1_121' title='bbox 656 1410 872 1460; x_wconf 79' lang='lat' dir='ltr'>optimates,</span> <span class='ocrx_word' id='word_1_122' title='bbox 894 1423 1017 1459; x_wconf 90' lang='lat' dir='ltr'>neque</span> <span class='ocrx_word' id='word_1_123' title='bbox 1042 1423 1228 1459; x_wconf 85' lang='lat' dir='ltr'>pauperes</span> <span class='ocrx_word' id='word_1_124' title='bbox 1247 1409 1326 1446; x_wconf 87' lang='lat' dir='ltr'>ruri</span> <span class='ocrx_word' id='word_1_125' title='bbox 1345 1409 1517 1447; x_wconf 90' lang='lat' dir='ltr'>habitare</span> 
     </span>
     <span class='ocr_line' id='line_1_19' title="bbox 116 1478 1516 1529; baseline -0.002 -12"><span class='ocrx_word' id='word_1_126' title='bbox 116 1484 302 1529; x_wconf 87' lang='lat' dir='ltr'>poterant.</span> <span class='ocrx_word' id='word_1_127' title='bbox 361 1479 570 1517; x_wconf 84' lang='lat' dir='ltr'>Civitatem</span> <span class='ocrx_word' id='word_1_128' title='bbox 599 1478 716 1516; x_wconf 89' lang='lat' dir='ltr'>etiam</span> <span class='ocrx_word' id='word_1_129' title='bbox 744 1478 853 1516; x_wconf 87' lang='lat' dir='ltr'>Italis</span> <span class='ocrx_word' id='word_1_130' title='bbox 881 1478 1057 1516; x_wconf 86' lang='lat' dir='ltr'>omnibus</span> <span class='ocrx_word' id='word_1_131' title='bbox 1077 1478 1167 1515; x_wconf 90' lang='lat' dir='ltr'>dare</span> <span class='ocrx_word' id='word_1_132' title='bbox 1186 1478 1350 1524; x_wconf 88' lang='lat' dir='ltr'>volebat,</span> <span class='ocrx_word' id='word_1_133' title='bbox 1372 1478 1516 1515; x_wconf 90' lang='lat' dir='ltr'>veritus</span> 
     </span>
     <span class='ocr_line' id='line_1_20' title="bbox 115 1547 1515 1598; baseline -0.001 -12"><span class='ocrx_word' id='word_1_134' title='bbox 115 1562 163 1586; x_wconf 90' lang='lat' dir='ltr'>ne</span> <span class='ocrx_word' id='word_1_135' title='bbox 191 1549 218 1585; x_wconf 91' lang='lat' dir='ltr'>ii</span> <span class='ocrx_word' id='word_1_136' title='bbox 237 1553 394 1598; x_wconf 90' lang='lat' dir='ltr'>propter</span> <span class='ocrx_word' id='word_1_137' title='bbox 415 1548 633 1598; x_wconf 89' lang='lat' dir='ltr'>superbiam</span> <span class='ocrx_word' id='word_1_138' title='bbox 646 1548 909 1585; x_wconf 82' lang='lat' dir='ltr'>Romanorum</span> <span class='ocrx_word' id='word_1_139' title='bbox 925 1548 1012 1584; x_wconf 90' lang='lat' dir='ltr'>irati</span> <span class='ocrx_word' id='word_1_140' title='bbox 1028 1547 1329 1584; x_wconf 88' lang='lat' dir='ltr'>coniurationem</span> <span class='ocrx_word' id='word_1_141' title='bbox 1349 1547 1515 1596; x_wconf 86' lang='lat' dir='ltr'>aliquam</span> 
     </span>
     <span class='ocr_line' id='line_1_21' title="bbox 117 1615 1514 1667; baseline -0.002 -12"><span class='ocrx_word' id='word_1_142' title='bbox 117 1618 268 1655; x_wconf 88' lang='lat' dir='ltr'>inirent.</span> <span class='ocrx_word' id='word_1_143' title='bbox 326 1617 470 1667; x_wconf 86' lang='lat' dir='ltr'>Legem</span> <span class='ocrx_word' id='word_1_144' title='bbox 502 1617 667 1666; x_wconf 89' lang='lat' dir='ltr'>populus</span> <span class='ocrx_word' id='word_1_145' title='bbox 701 1616 812 1653; x_wconf 89' lang='lat' dir='ltr'>iussit</span> <span class='ocrx_word' id='word_1_146' title='bbox 846 1621 999 1654; x_wconf 89' lang='lat' dir='ltr'>auctore</span> <span class='ocrx_word' id='word_1_147' title='bbox 1031 1615 1196 1653; x_wconf 85' lang='lat' dir='ltr'>Tiberio.</span> <span class='ocrx_word' id='word_1_148' title='bbox 1252 1615 1388 1665; x_wconf 89' lang='lat' dir='ltr'>Itaque</span> <span class='ocrx_word' id='word_1_149' title='bbox 1426 1616 1514 1653; x_wconf 91' lang='lat' dir='ltr'>odio</span> 
     </span>
     <span class='ocr_line' id='line_1_22' title="bbox 115 1684 1515 1735; baseline -0.002 -11"><span class='ocrx_word' id='word_1_150' title='bbox 115 1686 256 1724; x_wconf 82' lang='lat' dir='ltr'>infensi</span> <span class='ocrx_word' id='word_1_151' title='bbox 283 1691 411 1735; x_wconf 90' lang='lat' dir='ltr'>patres</span> <span class='ocrx_word' id='word_1_152' title='bbox 441 1685 752 1723; x_wconf 81' lang='lat' dir='ltr'>deliberaverunt</span> <span class='ocrx_word' id='word_1_153' title='bbox 781 1684 966 1734; x_wconf 84' lang='lat' dir='ltr'>quidnam</span> <span class='ocrx_word' id='word_1_154' title='bbox 1003 1684 1221 1722; x_wconf 83' lang='lat' dir='ltr'>faciendum</span> <span class='ocrx_word' id='word_1_155' title='bbox 1253 1689 1360 1722; x_wconf 91' lang='lat' dir='ltr'>esset.</span> <span class='ocrx_word' id='word_1_156' title='bbox 1418 1684 1515 1722; x_wconf 85' lang='lat' dir='ltr'>Cum</span> 
     </span>
     <span class='ocr_line' id='line_1_23' title="bbox 115 1753 1517 1804; baseline -0.002 -11"><span class='ocrx_word' id='word_1_157' title='bbox 115 1755 290 1794; x_wconf 88' lang='lat' dir='ltr'>Tiberius</span> <span class='ocrx_word' id='word_1_158' title='bbox 319 1754 358 1792; x_wconf 89' lang='lat' dir='ltr'>in</span> <span class='ocrx_word' id='word_1_159' title='bbox 378 1754 644 1804; x_wconf 87' lang='lat' dir='ltr'>insequentem</span> <span class='ocrx_word' id='word_1_160' title='bbox 668 1767 811 1791; x_wconf 87' lang='lat' dir='ltr'>annum</span> <span class='ocrx_word' id='word_1_161' title='bbox 831 1754 1071 1792; x_wconf 88' lang='lat' dir='ltr'>tribunatum</span> <span class='ocrx_word' id='word_1_162' title='bbox 1090 1753 1262 1799; x_wconf 89' lang='lat' dir='ltr'>ambiret,</span> <span class='ocrx_word' id='word_1_163' title='bbox 1285 1758 1414 1790; x_wconf 88' lang='lat' dir='ltr'>coorta</span> <span class='ocrx_word' id='word_1_164' title='bbox 1432 1753 1517 1790; x_wconf 83' lang='lat' dir='ltr'>rixa</span> 
     </span>
     <span class='ocr_line' id='line_1_24' title="bbox 115 1823 1252 1873; baseline -0.003 -11"><span class='ocrx_word' id='word_1_165' title='bbox 115 1824 340 1862; x_wconf 78' lang='lat' dir='ltr'>interfectus</span> <span class='ocrx_word' id='word_1_166' title='bbox 359 1829 439 1872; x_wconf 68' lang='lat' dir='ltr'>est,</span> <span class='ocrx_word' id='word_1_167' title='bbox 468 1823 610 1861; x_wconf 88' lang='lat' dir='ltr'>mortui</span> <span class='ocrx_word' id='word_1_168' title='bbox 630 1835 765 1873; x_wconf 87' lang='lat' dir='ltr'>corpus</span> <span class='ocrx_word' id='word_1_169' title='bbox 784 1823 824 1860; x_wconf 91' lang='lat' dir='ltr'>in</span> <span class='ocrx_word' id='word_1_170' title='bbox 844 1823 1014 1861; x_wconf 89' lang='lat' dir='ltr'>Tiberim</span> <span class='ocrx_word' id='word_1_171' title='bbox 1033 1823 1252 1872; x_wconf 89' lang='lat' dir='ltr'>proiectum.</span> 
     </span>
    </p>
   </div>
   <div class='ocr_carea' id='block_1_6' title="bbox 650 1985 986 2022">
    <p class='ocr_par' dir='ltr' id='par_1_6' title="bbox 650 1985 986 2022">
     <span class='ocr_line' id='line_1_25' title="bbox 650 1985 986 2022; baseline -0.003 -1"><span class='ocrx_word' id='word_1_172' title='bbox 650 1985 765 2021; x_wconf 81' lang='lat' dir='ltr'>Caius</span> <span class='ocrx_word' id='word_1_173' title='bbox 789 1986 825 2022; x_wconf 86' lang='lat' dir='ltr'><em>G</em></span> <span class='ocrx_word' id='word_1_174' title='bbox 828 1985 930 2020; x_wconf 73' lang='lat' dir='ltr'>racclz</span> <span class='ocrx_word' id='word_1_175' title='bbox 936 1997 986 2020; x_wconf 79' lang='lat' dir='ltr'>us.</span> 
     </span>
    </p>
   </div>
   <div class='ocr_carea' id='block_1_7' title="bbox 113 2075 1512 2399">
    <p class='ocr_par' dir='ltr' id='par_1_7' title="bbox 113 2075 1512 2399">
     <span class='ocr_line' id='line_1_26' title="bbox 169 2075 1511 2125; baseline -0.001 -8"><span class='ocrx_word' id='word_1_176' title='bbox 169 2075 441 2117; x_wconf 84' lang='lat' dir='ltr'>68.—Decem</span> <span class='ocrx_word' id='word_1_177' title='bbox 459 2080 547 2125; x_wconf 89' lang='lat' dir='ltr'>post</span> <span class='ocrx_word' id='word_1_178' title='bbox 575 2075 684 2112; x_wconf 87' lang='lat' dir='ltr'>annis</span> <span class='ocrx_word' id='word_1_179' title='bbox 704 2075 818 2113; x_wconf 84' lang='lat' dir='ltr'>Caius</span> <span class='ocrx_word' id='word_1_180' title='bbox 838 2076 1042 2123; x_wconf 84' lang='lat' dir='ltr'>Gracchus,</span> <span class='ocrx_word' id='word_1_181' title='bbox 1064 2076 1182 2113; x_wconf 80' lang='lat' dir='ltr'>frater</span> <span class='ocrx_word' id='word_1_182' title='bbox 1204 2076 1358 2123; x_wconf 89' lang='lat' dir='ltr'>Tiberii,</span> <span class='ocrx_word' id='word_1_183' title='bbox 1379 2078 1511 2115; x_wconf 89' lang='lat' dir='ltr'>eadem</span> 
     </span>
     <span class='ocr_line' id='line_1_27' title="bbox 114 2143 1512 2195; baseline -0.001 -11"><span class='ocrx_word' id='word_1_184' title='bbox 114 2145 272 2184; x_wconf 88' lang='lat' dir='ltr'>consilia</span> <span class='ocrx_word' id='word_1_185' title='bbox 290 2143 447 2193; x_wconf 82' lang='lat' dir='ltr'>exsequi</span> <span class='ocrx_word' id='word_1_186' title='bbox 467 2148 624 2181; x_wconf 87' lang='lat' dir='ltr'>conatus</span> <span class='ocrx_word' id='word_1_187' title='bbox 644 2148 711 2181; x_wconf 85' lang='lat' dir='ltr'>est.</span> <span class='ocrx_word' id='word_1_188' title='bbox 769 2144 906 2193; x_wconf 87' lang='lat' dir='ltr'>Itaque</span> <span class='ocrx_word' id='word_1_189' title='bbox 924 2144 1075 2193; x_wconf 87' lang='lat' dir='ltr'>plebem</span> <span class='ocrx_word' id='word_1_190' title='bbox 1094 2144 1309 2182; x_wconf 85' lang='lat' dir='ltr'>conciliavit</span> <span class='ocrx_word' id='word_1_191' title='bbox 1333 2144 1411 2182; x_wconf 88' lang='lat' dir='ltr'>lata</span> <span class='ocrx_word' id='word_1_192' title='bbox 1429 2145 1512 2195; x_wconf 89' lang='lat' dir='ltr'>lege</span> 
     </span>
     <span class='ocr_line' id='line_1_28' title="bbox 115 2211 1511 2263; baseline -0.001 -12"><span class='ocrx_word' id='word_1_193' title='bbox 115 2218 160 2251; x_wconf 88' lang='lat' dir='ltr'>ut</span> <span class='ocrx_word' id='word_1_194' title='bbox 186 2213 424 2250; x_wconf 85' lang='lat' dir='ltr'>frumentum</span> <span class='ocrx_word' id='word_1_195' title='bbox 451 2211 602 2248; x_wconf 90' lang='lat' dir='ltr'>minimi</span> <span class='ocrx_word' id='word_1_196' title='bbox 623 2225 645 2249; x_wconf 89' lang='lat' dir='ltr'>a</span> <span class='ocrx_word' id='word_1_197' title='bbox 665 2211 811 2250; x_wconf 85' lang='lat' dir='ltr'>civibus</span> <span class='ocrx_word' id='word_1_198' title='bbox 830 2217 1028 2250; x_wconf 90' lang='lat' dir='ltr'>emeretur.</span> <span class='ocrx_word' id='word_1_199' title='bbox 1087 2212 1291 2262; x_wconf 88' lang='lat' dir='ltr'>Equitibus</span> <span class='ocrx_word' id='word_1_200' title='bbox 1310 2212 1412 2250; x_wconf 89' lang='lat' dir='ltr'>idem</span> <span class='ocrx_word' id='word_1_201' title='bbox 1431 2226 1511 2263; x_wconf 91' lang='lat' dir='ltr'>per-</span> 
     </span>
     <span class='ocr_line' id='line_1_29' title="bbox 114 2280 1509 2330; baseline -0.001 -11"><span class='ocrx_word' id='word_1_202' title='bbox 114 2281 235 2319; x_wconf 89' lang='lat' dir='ltr'>suasit</span> <span class='ocrx_word' id='word_1_203' title='bbox 249 2284 292 2317; x_wconf 92' lang='lat' dir='ltr'>ut</span> <span class='ocrx_word' id='word_1_204' title='bbox 308 2280 385 2317; x_wconf 90' lang='lat' dir='ltr'>suis</span> <span class='ocrx_word' id='word_1_205' title='bbox 406 2280 572 2317; x_wconf 87' lang='lat' dir='ltr'>consiliis</span> <span class='ocrx_word' id='word_1_206' title='bbox 591 2280 776 2326; x_wconf 85' lang='lat' dir='ltr'>faverent,</span> <span class='ocrx_word' id='word_1_207' title='bbox 797 2285 908 2318; x_wconf 90' lang='lat' dir='ltr'>aucta</span> <span class='ocrx_word' id='word_1_208' title='bbox 923 2294 1053 2318; x_wconf 88' lang='lat' dir='ltr'>eorum</span> <span class='ocrx_word' id='word_1_209' title='bbox 1071 2285 1271 2330; x_wconf 90' lang='lat' dir='ltr'>potestate.</span> <span class='ocrx_word' id='word_1_210' title='bbox 1315 2281 1412 2319; x_wconf 89' lang='lat' dir='ltr'>Inde</span> <span class='ocrx_word' id='word_1_211' title='bbox 1424 2294 1509 2319; x_wconf 91' lang='lat' dir='ltr'>cum</span> 
     </span>
     <span class='ocr_line' id='line_1_30' title="bbox 113 2348 1509 2399; baseline 0 -12"><span class='ocrx_word' id='word_1_212' title='bbox 113 2350 264 2399; x_wconf 86' lang='lat' dir='ltr'>plebem</span> <span class='ocrx_word' id='word_1_213' title='bbox 280 2348 502 2397; x_wconf 89' lang='lat' dir='ltr'>equitesque</span> <span class='ocrx_word' id='word_1_214' title='bbox 515 2348 588 2385; x_wconf 87' lang='lat' dir='ltr'>sibi</span> <span class='ocrx_word' id='word_1_215' title='bbox 601 2348 978 2399; x_wconf 86' lang='lat' dir='ltr'>conciliasset,legem</span> <span class='ocrx_word' id='word_1_216' title='bbox 994 2349 1181 2399; x_wconf 87' lang='lat' dir='ltr'>agrariam</span> <span class='ocrx_word' id='word_1_217' title='bbox 1192 2349 1292 2396; x_wconf 87' lang='lat' dir='ltr'>tulit,</span> <span class='ocrx_word' id='word_1_218' title='bbox 1302 2363 1509 2399; x_wconf 87' lang='lat' dir='ltr'>agrumque</span> 
     </span>
    </p>
   </div>
  </div>
 </body>
</html>
