1559 2463
67 43 269 95 PART111.]
387 45 762 81 ALEXANDER
795 46 915 81 THE
947 46 1154 83 GREAT.
1399 59 1466 82 121

67 155 227 201 argento
256 151 439 190 distincta
466 164 602 201 corpus
630 164 737 189 rarae
765 151 1043 201 magnitudinis
1063 152 1328 191 honestabant.
1396 153 1473 190 Par

67 220 216 257 animus
252 221 380 258 robori
416 220 593 270 corporis,
633 224 684 267 et,
721 226 866 269 quanta
902 221 1004 259 inter
1039 221 1152 259 rudes
1188 226 1342 271 poterat
1378 235 1470 268 esse,

65 288 265 337 sapientia.

445 405 640 452 Dl'fficully
661 405 705 452 of
716 406 880 453 crossz'ng
895 407 954 442 tlze
972 407 1099 443 Κίων.

115 504 509 543 247.—Macedonas
536 517 614 542 non
643 509 868 553 conspectus
896 505 1067 542 hostium
1095 506 1229 552 solum,
1257 507 1323 544 sed
1352 507 1469 544 etiam

65 573 243 619 fluminis,
273 572 376 622 quod
404 572 681 610 transeundum
711 578 803 619 erat,
829 573 1056 623 magnitudo
1084 575 1275 612 terrebat:
1305 580 1471 624 quatuor

64 641 103 678 in
122 641 369 679 latitudinem
397 640 521 678 stadia
541 641 733 687 diffusum,
754 641 946 690 profundo
965 643 1085 689 alveo,
1107 648 1145 680 et
1164 656 1352 693 nusquam
1371 645 1471 682 vada

63 711 268 760 aperiente,
292 712 455 760 speciem
474 711 573 748 vasti
593 711 708 748 maris
727 710 877 749 fecerat.
936 711 1016 749 Nec
1043 725 1112 761 pro
1141 713 1264 761 spatio
1284 726 1468 762 aquarum

61 779 138 816 late
159 779 420 829 stagnantium
440 780 629 829 impetum
648 779 857 826 coercebat,
879 779 957 827 sed,
974 781 1083 830 quasi
1102 781 1142 818 in
1157 786 1284 818 artum
1304 783 1470 820 coeunti-

61 847 131 884 bus
158 847 264 896 ripis,
292 852 441 885 torrens
461 848 666 895 ferebatur,
689 848 911 898 occultaque
941 862 1033 886 saxa
1061 850 1182 887 inesse
1213 851 1469 888 ostendebant

60 916 233 965 pluribus
261 916 352 954 locis
380 917 505 954 undae
536 930 787 966 repercussae.
845 917 1070 955 Terribilior
1097 924 1180 956 erat
1207 919 1322 957 facies
1351 920 1467 969 ripae,

64 997 179 1033 quam
207 985 293 1034 equi
323 985 471 1034 virique
502 985 794 1034 compleverant.
868 986 1033 1024 Stabant
1064 987 1239 1037 ingentes
1271 993 1468 1026 vastorum

63 1065 263 1102 corporum
282 1053 400 1090 moles
421 1058 460 1090 et
479 1054 526 1091 de
550 1053 740 1091 industria
759 1055 929 1092 irritatae
955 1056 1148 1093 horrendo
1176 1056 1339 1094 stridore
1360 1071 1468 1095 aures

61 1122 285 1171 fatigabant.
345 1122 446 1159 Hinc
473 1123 595 1160 amnis
614 1123 703 1160 111110
731 1123 853 1161 hostis
881 1128 1035 1173 pectora
1054 1125 1312 1163 Macedonum
1331 1127 1469 1176 impro-

61 1191 142 1227 viso
155 1203 296 1239 pavore
312 1195 522 1240 percutere,
538 1204 638 1238 nam,
658 1192 761 1241 quod
774 1193 915 1230 ratium
929 1198 1081 1242 praesto
1097 1199 1190 1241 erat,
1207 1195 1247 1232 id
1264 1208 1333 1232 nec
1353 1196 1465 1246 dirigi

61 1258 109 1296 ad
130 1260 251 1308 ripam
271 1272 339 1296 1100
359 1264 444 1297 tuto
465 1260 646 1309 applicari
665 1273 775 1309 posse
795 1261 1010 1300 credebant.

344 1394 566 1430 Alexander
584 1407 714 1430 crosses
733 1396 792 1431 tlte
809 1397 928 1433 River
947 1397 1176 1433 zmobserved.

111 1485 500 1523 248.—Alexander
524 1487 634 1535 inops
663 1487 810 1524 consilii
839 1488 998 1526 taudem
1017 1488 1065 1526 ad
1084 1489 1296 1527 fallendum
1316 1490 1465 1528 hostem

60 1552 148 1590 dolo
167 1553 224 1590 uti
244 1554 454 1592 constituit.
512 1554 606 1592 Erat
630 1556 670 1592 in
699 1556 856 1594 flumine
884 1557 1008 1595 insula
1028 1558 1213 1595 silvestris
1233 1564 1272 1596 et
1291 1559 1466 1608 tegendis

59 1621 208 1658 insidiis
240 1626 338 1671 apta.
397 1622 534 1672 Itaque
567 1637 653 1661 cum
690 1637 729 1662 se
762 1638 848 1662 cum
885 1625 1032 1674 aliquot
1065 1639 1220 1664 suorum
1257 1632 1345 1677 post
1382 1641 1465 1666 eam

60 1690 298 1737 occultasset,
320 1691 480 1729 ducibus
500 1693 705 1742 imperavit
724 1698 768 1731 ut
788 1694 861 1731 alio
881 1695 921 1731 111
941 1695 1023 1732 1000
1044 1708 1131 1733 suos
1150 1696 1326 1734 hostibus
1343 1702 1466 1735 osten-

58 1759 205 1805 derent,
226 1760 334 1808 quasi
353 1760 495 1797 flumen
515 1763 751 1799 transnaturi
780 1762 916 1800 forent.
975 1763 1058 1810 Quo
1088 1777 1174 1801 cum
1202 1778 1241 1803 se
1261 1767 1465 1815 recepisset

59 1827 190 1873 Porus,
212 1828 292 1865 doli
311 1829 476 1878 ignarus,
498 1829 579 1878 ipse
599 1830 696 1867 clam
715 1831 857 1869 flumen
877 1832 1037 1878 traiecit,
1053 1846 1158 1870 arma
1173 1847 1306 1883 capere
1321 1835 1463 1873 milites

58 1901 97 1933 et
125 1897 178 1933 ire
206 1897 246 1933 in
275 1897 427 1935 ordines
455 1898 576 1936 iussit.
651 1899 763 1946 Quod
790 1901 856 1937 ubi
885 1902 1004 1938 sensit
1032 1901 1154 1939 Porus
1175 1916 1262 1940 suos
1281 1903 1464 1941 adversus

58 1965 323 2002 Alexandrum
343 1966 465 2004 duxit.
522 1967 754 2006 Macedonas
783 1982 859 2006 non
889 1970 1088 2007 beluarum
1112 1971 1239 2018 modo,
1260 1972 1326 2010 sed
1347 1974 1462 2010 etiam

55 2034 174 2082 ipsius
193 2035 292 2084 regis
311 2039 485 2083 aspectus
504 2048 709 2085 parumper
736 2037 913 2076 inhibuit.
972 2038 1109 2088 Itaque
1137 2040 1360 2078 Alexander
1379 2054 1463 2078 con-

55 2102 262 2151 templatus
282 2108 321 2140 et
339 2116 467 2152 regem
487 2108 525 2140 et
544 2104 662 2141 aciem
677 2105 873 2151 Indorum,
890 2106 1075 2153 Tandem,
1092 2108 1229 2157 inquit,
1246 2121 1315 2158 par
1334 2110 1461 2147 animo

54 2183 139 2208 meo
167 2171 378 2220 periculum
406 2172 530 2210 video.
588 2172 686 2210 Cum
714 2174 846 2211 bestiis
875 2175 987 2211 simul
1017 2180 1055 2212 et
1083 2189 1169 2213 cum
1189 2178 1349 2227 egregiis
1369 2179 1461 2216 viris

53 2251 112 2276 res
133 2243 197 2276 est.
257 2239 493 2290 Intuensque
514 2241 680 2288 Coenon,
699 2242 797 2280 Cum
817 2256 896 2293 ego,
915 2244 1053 2293 inquit,
1069 2245 1109 2281 in
1124 2245 1275 2283 laevum
1290 2246 1459 2285 hostium

52 2320 178 2354 cornu,
197 2308 381 2357 impetum
403 2310 537 2355 fecero,
554 2311 633 2359 ipse
654 2311 833 2349 dextrum
854 2325 964 2350 move
984 2318 1024 2351 et
1039 2314 1204 2352 turbatis
1225 2316 1332 2364 signa
1346 2316 1457 2353 infer.
