1559 2463
61 56 163 81 PART
183 43 243 96 11.]
435 44 704 81 HISTORY
728 44 803 81 OF
826 45 1076 81 GREECE.
1411 47 1455 80 81

59 151 152 189 victi
172 157 308 198 essent,
340 152 437 190 clam
465 164 551 189 cum
579 150 778 200 Spartanis
807 152 954 201 agebat.
1013 151 1150 200 Itaque
1178 151 1314 189 foedus
1342 152 1461 189 ictum

59 225 117 257 est
135 220 182 257 iis
201 220 489 258 condicionibus
516 224 560 256 ut
588 218 668 267 ipse
697 219 898 265 militibus,
926 232 1021 268 quos
1050 219 1231 269 Spartani
1257 220 1298 256 in
1325 220 1460 257 Asiam

59 288 261 334 misissent,
284 288 520 337 stipendium
539 287 736 337 penderet,
759 287 940 337 Spartani
968 301 1100 325 omnes
1129 288 1266 325 Ionum
1286 288 1461 326 civitates

58 357 184 395 Persis
220 357 425 395 traderent.
486 356 608 403 Quam
637 369 743 405 spem
770 356 910 393 fefellit
938 356 1114 394 alacritas
1150 356 1460 403 Atheniensium,

57 426 122 475 qui
137 426 296 475 impigre
310 439 390 463 rem
408 430 592 475 gerentes,
613 437 737 474 neque
757 430 817 462 tot
829 425 1024 474 tantisque
1040 425 1321 462 calamitatibus
1335 425 1461 472 fracti,

57 508 234 544 magnam
271 494 427 532 classem
465 494 646 531 adversus
683 494 984 543 Peloponnesios
1021 493 1232 543 Persasque
1260 495 1457 531 miserunt.

56 564 191 613 Neque
212 564 266 601 ita
284 564 405 600 multo
425 568 512 612 post
530 563 675 612 proelio
695 563 823 600 navali
849 563 897 600 ad
926 563 1108 600 Miletum
1136 563 1362 601 dimicatum
1391 569 1456 602 est.

57 631 140 678 Quo
160 632 199 668 in
219 632 363 680 proelio
383 632 506 668 virtus
526 631 824 668 Atheniensium
844 631 1029 678 eminuit3
1059 632 1153 668 victi
1172 631 1301 669 hostes
1328 632 1461 669 multis

57 694 221 737 navibus
241 701 431 749 oppressis
450 700 490 736 in
512 700 643 749 fugam
663 713 701 737 se
721 705 955 748 receperunt.

544 838 754 874 Alcibiades
774 839 962 885 z'ntrrjgues.

113 921 458 961 168.——Alcibiadi
496 926 626 959 autem
654 922 881 959 iamdudum
917 921 1209 959 intercedebant
1247 922 1461 960 simultates

57 1003 142 1027 cum
160 990 356 1027 nonnullis
376 1003 395 1027 e
416 990 626 1039 Spartanis,
650 991 715 1039 qui
735 1003 778 1027 eo
799 991 956 1028 absente
973 990 1020 1027 ab
1036 990 1189 1039 ephoris
1204 990 1462 1040 impetrarunt

55 1066 99 1095 ut
119 1058 253 1107 capitis
272 1057 527 1095 damnaretur.
587 1058 625 1094 Is
644 1070 735 1095 vero
755 1064 900 1107 quanto
929 1058 969 1094 in
998 1057 1217 1095 discrimine
1245 1065 1463 1096 versaretur

56 1127 211 1163 minime
231 1127 394 1176 ignarus,
418 1127 483 1163 ubi
512 1126 807 1176 Tissaphernem
835 1126 1035 1176 transfuga
1055 1126 1162 1172 adiit,
1185 1139 1271 1163 eum
1291 1128 1331 1164 in
1360 1127 1461 1164 hunc

55 1208 200 1232 morem
220 1194 406 1232 allocutus
423 1200 480 1232 est
498 1211 504 1233 :
535 1194 769 1244 Spartanum
785 1208 874 1232 sane
895 1208 981 1232 cum
1000 1195 1231 1232 Atheniensi
1247 1208 1395 1245 semper
1413 1196 1461 1234 de

54 1264 216 1313 imperio
236 1264 478 1310 contendere,
501 1264 567 1301 sed
587 1270 794 1313 utrumque
823 1277 951 1301 morae
980 1277 1060 1301 esse
1090 1265 1293 1313 quominus
1322 1264 1460 1302 Persae

54 1333 167 1370 Iones
187 1346 275 1370 suae
295 1333 452 1371 ditionis
472 1333 666 1371 facerent:
696 1334 824 1371 neutri
843 1333 962 1383 igitur
982 1346 1094 1383 opem
1113 1333 1255 1380 ferret,
1283 1334 1339 1371 ita
1358 1335 1459 1371 enim

53 1402 132 1440 fore
161 1408 205 1439 ut
232 1402 341 1440 bellis
368 1403 558 1440 continuis
579 1402 765 1440 exinaniti
785 1402 914 1440 hostes
935 1403 1116 1452 perirent,
1139 1403 1340 1452 Persisque
1361 1417 1458 1453 quae

53 1471 197 1508 vellent
216 1472 255 1508 in
275 1471 384 1509 Ionia
412 1471 534 1509 facere
562 1472 702 1509 liceret.
762 1471 844 1519 Quo
874 1472 1030 1509 consilio
1060 1472 1308 1521 comprobato
1337 1472 1460 1510 Tissa—

53 1539 216 1589 phernes
254 1549 405 1589 tempus
433 1546 556 1578 terere
585 1546 623 1577 et
660 1541 846 1589 impedire
883 1554 931 1578 ne
969 1539 1150 1590 Spartani
1187 1554 1267 1577 rem
1304 1545 1458 1579 strenue

52 1613 240 1656 gererent,
261 1620 350 1644 mox
372 1620 409 1645 se
429 1608 475 1644 iis
496 1608 769 1645 auxiliaturum
788 1608 989 1657 professus.
1048 1607 1210 1645 Interim
1238 1607 1457 1644 Alcibiades

54 1689 138 1713 cum
158 1677 455 1714 Atheniensium
475 1677 634 1715 ducibus
654 1677 751 1715 clam
771 1690 889 1727 agere.
951 1677 991 1714 Si
1012 1677 1083 1714 sibi
1103 1677 1278 1714 Athenas
1306 1676 1456 1725 regredi

53 1745 194 1790 liceret,
216 1744 510 1794 Tissaphernem
529 1758 615 1782 cum
635 1746 781 1783 civibus
810 1746 1032 1783 societatem
1060 1745 1155 1781 inire
1184 1744 1304 1791 velle3
1332 1757 1456 1793 neque

53 1818 182 1850 tamen
215 1826 253 1850 se
282 1813 322 1850 id
350 1826 461 1862 agere
499 1814 596 1851 velle
625 1814 752 1864 quoad
781 1815 984 1863 imperium
1014 1826 1131 1863 penes
1161 1813 1313 1862 plebem
1342 1818 1450 1850 esset.

54 1881 220 1919 Proinde
241 1895 388 1919 summa
407 1895 534 1920 rerum
554 1883 805 1932 optimatibus
824 1882 1102 1919 restitueretur.

544 2030 581 2064 T
576 2030 619 2064 lte
637 2030 743 2065 Four
760 2028 957 2065 Hundred.

107 2111 383 2151 lea—Erant
399 2117 527 2149 autem
545 2125 589 2149 eo
609 2117 779 2161 tempore
799 2112 839 2148 in
860 2112 1040 2156 exercitu,
1057 2111 1123 2160 qui
1142 2111 1182 2147 in
1202 2109 1326 2147 insula
1341 2109 1454 2147 Samo

51 2181 366 2226 commorabatur,
387 2180 569 2229 permulti
597 2194 616 2218 e
645 2181 887 2229 primoribus,
918 2180 1055 2229 quibus
1083 2179 1204 2216 oratio
1242 2177 1455 2214 Alcibiadis

52 2249 313 2298 acceptissima
328 2249 410 2286 fuit.
453 2250 590 2298 Itaque
604 2250 839 2286 occasionem
854 2249 1032 2286 idoneam
1047 2261 1175 2285 rerum
1190 2246 1455 2284 novandarum

51 2318 136 2363 rati,
157 2317 389 2355 Pisandrum
404 2318 596 2367 quendam
612 2318 787 2355 Athenas
803 2317 991 2354 miserunt
1006 2317 1071 2365 qui
1088 2316 1288 2353 societates
1303 2320 1456 2364 pararet

744 2388 768 2414 F
