1559 2463
68 77 170 102 mni·
191 65 251 117 11.]
448 67 709 104 HISTORY
737 68 812 103 OF
836 67 1083 104 GREECE.
1210 50 1213 53 v
1422 69 1467 114 85

65 173 191 210 Visum
223 186 266 210 eo
300 173 458 211 consilio
495 178 539 210 ut
576 174 712 222 cuique
745 174 894 223 legatus
932 174 1156 223 Spartanus,
1190 174 1222 210 is
1259 174 1472 210 harmostcs

64 243 283 289 vocabatur,
312 243 589 291 praeficeretur,
622 242 687 291 qui
721 256 806 279 cum
835 242 1060 279 decemviris
1089 256 1108 280 e
1137 242 1283 279 civibus
1316 242 1473 279 delectis

64 324 124 348 res
156 311 452 348 administraret.
510 311 646 360 Neque
675 324 718 348 ea
746 324 805 348 res
838 311 943 348 cordi
994 312 1132 348 {raecis
1164 312 1249 356 fnit,
1285 316 1471 359 quantum

63 379 159 417 lucri
191 380 355 418 assecuti
387 384 515 417 essent
547 379 675 429 quoad
706 380 1011 417 Atheniensibus
1047 380 1263 429 paruissent
1295 385 1471 428 reputan-

64 449 191 486 tibus:
221 449 294 487 sibi
318 449 420 486 enim
439 449 484 485 iis
504 449 743 497 temporibus
763 462 850 486 suas
878 462 937 486 res
966 462 1076 498 agere
1097 449 1259 495 licuisse,
1280 448 1471 486 ventitan-

64 518 168 555 tibus
183 531 332 555 necnon
347 518 622 555 mercatoribus
638 530 724 554 suas
741 531 930 567 quemque
945 531 1089 555 merces
1104 518 1271 555 vendere
1287 518 1468 566 potuisse,

64 599 139 635 qua
154 599 202 623 ex
216 600 257 623 re
271 586 415 623 factum
436 599 516 623 esse
532 591 576 623 ut
591 587 720 635 paucis
736 587 845 623 annis
861 600 950 636 opes
968 587 1155 624 sociorum
1171 586 1469 623 Atheniensium

63 654 174 692 valde
204 660 443 705 augerentur.
500 655 722 704 Numquem
755 655 849 692 adeo
882 656 1048 693 insanire
1077 661 1120 692 ut
1152 656 1285 693 eadem
1313 656 1470 693 vivendi

62 723 212 761 ratione
240 723 298 760 uti
325 723 439 760 licere
467 723 732 761 existimaret‘l
787 723 926 761 Deleta
953 724 1251 761 Atheniensium
1279 728 1470 772 potestate

62 791 180 828 deleri
200 791 313 828 simul
333 791 533 829 commoda
552 791 752 837 sociorum,
774 792 912 840 quibus
933 792 1124 841 Spartani,
1140 792 1315 830 homines
1334 792 1470 830 inculti

61 865 100 897 et
118 860 337 909 paupertati
364 860 578 906 assuefacti,
598 860 825 898 inviderent.
885 861 932 897 Id
955 861 1088 911 iugum
1111 861 1183 899 sibi
1208 862 1367 898 minime
1388 875 1468 899 esse

61 929 327 966 tolerandum:
372 929 607 966 occasionem
643 929 762 980 igitur
797 929 1051 967 vindicandae
1089 930 1278 968 libertatis
1322 930 1469 980 opperi—

60 1002 203 1035 rentur.

430 1111 532 1147 Cz'vil
560 1112 654 1147 War
670 1124 803 1159 among
822 1113 881 1148 tlze
900 1113 1085 1149 Persians.

115 1203 349 1241 177.—Hac
368 1203 446 1240 fere
474 1207 704 1252 tempestate
725 1204 964 1241 Artaxerxes
994 1204 1115 1242 Xerxi
1144 1205 1242 1253 patri
1273 1205 1465 1242 successit.

58 1272 176 1309 Cuius
204 1272 324 1309 frater
343 1271 467 1321 Cyrus
494 1272 644 1322 magnis
664 1272 781 1321 copiis
809 1273 1043 1322 conscriptis,
1066 1273 1220 1311 Graecis
1248 1287 1397 1311 necnon
1417 1274 1465 1311 ad

57 1339 188 1377 decem
208 1340 328 1377 millia
347 1353 411 1388 spe
440 1340 602 1390 praedae
623 1341 766 1387 tractis,
787 1341 827 1378 in
856 1341 1039 1379 interiora
1058 1341 1173 1379 Asiae
1203 1343 1403 1380 contendit
1422 1348 1466 1381 ut

56 1409 216 1458 expulso
235 1409 366 1455 fratre,
386 1410 546 1458 imperio
565 1410 645 1459 ipse
665 1410 864 1458 potiretur.
924 1410 970 1447 Ei
990 1411 1033 1447 fit
1054 1411 1208 1448 obviam
1226 1411 1476 1449 Artaxerxes

56 1482 95 1514 et
122 1477 171 1514 ad
199 1477 410 1523 Cunaxam,
433 1478 497 1527 qui
526 1478 631 1515 vicus
660 1478 762 1515 haud
790 1478 922 1528 procul
950 1492 971 1516 a
1000 1479 1195 1528 Babylone
1225 1481 1344 1527 abest,
1364 1481 1464 1518 iusto

54 1546 197 1595 proelio
227 1546 440 1584 dimicatur.
500 1547 632 1585 Occiso
653 1548 753 1596 Cyro
782 1548 837 1585 ita
855 1548 969 1585 modo
989 1549 1124 1586 Graeci
1152 1549 1293 1587 milites
1322 1551 1464 1588 servari

54 1620 233 1664 poterant
271 1616 301 1653 si
347 1616 394 1653 ad
440 1630 543 1653 mare
589 1617 663 1654 iter
707 1617 897 1655 fecissent.
975 1618 1049 1664 Qui
1086 1632 1171 1655 cum
1209 1619 1344 1657 ducem
1391 1620 1463 1657 sibi

54 1684 352 1733 Xenophontem
383 1685 664 1733 praefecissent,
700 1699 768 1735 per
799 1692 950 1724 montes
983 1688 1087 1725 avios
1121 1701 1236 1737 quani
1269 1689 1462 1726 celerrime

53 1753 302 1800 contendunt,
321 1754 430 1803 gnari
445 1767 591 1792 moram
612 1755 813 1793 exitiosam
832 1756 923 1802 fore,
942 1770 1027 1793 cum
1047 1770 1068 1794 a
1087 1762 1194 1806 tergo
1215 1758 1313 1807 regis
1334 1759 1462 1808 copiae

53 1823 252 1869 instarent,
282 1823 509 1873 barbarique
538 1825 687 1862 crebros
715 1825 881 1874 impetus
909 1825 1087 1863 facerent.
1146 1827 1289 1864 Narrat
1317 1832 1355 1865 et
1383 1828 1463 1877 ipse

54 1892 269 1941 Xenophon
291 1905 365 1940 quo
386 1892 499 1930 modo
521 1898 579 1930 tot
597 1898 782 1943 tantaque
801 1894 968 1944 pericula
988 1908 1136 1933 summo
1157 1895 1284 1933 studio
1305 1897 1461 1934 eluctati

52 1960 102 1997 ad
120 1973 223 1997 mare
242 1960 451 1998 incolumes
470 1963 725 2010 pervenerint.

413 2104 507 2138 [chr
525 2104 677 2139 betmen
699 2105 839 2151 Sparta
859 2106 940 2140 [md
954 2107 1098 2142 Persia.

108 2193 356 2231 178.—Mox
393 2193 600 2242 Spartanos
645 2195 842 2243 poenitere
880 2197 1005 2245 coepit
1042 2197 1144 2246 quod
1182 2198 1296 2235 Ionas
1334 2199 1460 2236 Persis

48 2261 300 2308 tradiderant,
318 2276 441 2311 neque
458 2268 536 2299 tam
553 2264 658 2312 turpi
673 2263 840 2302 facinore
857 2265 1022 2302 admisso
1043 2267 1246 2316 quicquam
1268 2269 1458 2305 commodi

51 2336 296 2380 acceperant:
324 2332 453 2380 itaque
472 2332 618 2370 indicto
647 2333 746 2371 bello
768 2347 852 2371 cum
873 2335 1075 2384 Agesilaus
1095 2350 1163 2373 rex
1183 2337 1459 2386 Spartanorum
