1559 2463
61 73 164 98 PART
186 60 228 112 1.]
477 62 745 99 HISTORY
769 62 837 98 Op
864 62 1042 99 ROME.
1423 76 1466 110 19

62 173 202 222 Pyrrhi
222 186 395 210 reversus
415 178 482 210 est.
539 173 575 209 A
595 186 669 222 quo
691 186 776 209 cum
805 177 1006 221 quaereret
1025 186 1102 218 rex,
1126 173 1277 222 qualem
1306 173 1467 210 Romam

62 241 275 291 reperisset,
302 242 440 279 Cineas
460 241 571 286 dixit,
593 254 727 290 regum
755 254 793 278 se
820 241 985 290 patriam
1014 241 1154 278 vidisse
1169 256 1178 287 3
1212 241 1355 278 scilicet
1375 242 1469 279 tales

61 309 139 346 illic
166 309 246 347 fere
275 322 417 355 omnes,
439 308 560 358 qualis
588 321 686 345 unus
714 308 887 357 Pyrrhus
916 308 1018 358 apud
1038 308 1198 357 Epirum
1218 313 1257 346 et
1285 309 1470 359 reliquam

64 378 263 415 Graeciam
282 383 492 427 putaretur.
553 377 648 414 Inde
668 377 774 414 missi
795 383 885 414 sunt
912 382 1045 415 contra
1064 377 1258 426 Pyrrhum
1287 378 1467 416 consules.

65 445 285 482 Certamine
305 445 506 482 commisso
526 444 697 492 Pyrrhus
716 443 940 480 vulneratus
960 448 1029 489 est,
1051 443 1248 492 elephanti
1267 443 1470 480 interfecti.

66 514 205 564 viginti
241 514 348 551 milia
385 526 492 551 caesa
528 512 708 557 hostium,
744 517 782 549 et
819 525 867 549 ex
900 512 1085 549 Romanis
1117 516 1270 549 tantum
1303 512 1471 562 quinque

66 582 180 620 milia.
238 582 411 631 Pyrrhus
430 582 548 632 igitur
576 581 784 618 Tarentum
806 594 844 618 se
863 581 1016 630 recepit,
1035 594 1111 618 non
1133 581 1235 618 enim
1255 581 1286 618 is
1306 587 1388 619 erat
1408 583 1472 631 qui

65 651 192 688 fusum
223 651 386 688 militem
419 650 520 688 hosti
553 655 695 687 temere
734 650 927 695 obiiceret,
960 663 1101 699 gnarus
1139 650 1288 700 aliquot
1324 651 1473 688 dierum

64 721 230 769 spatium
249 720 297 758 ad
317 719 542 757 recreandos
562 731 718 756 suorum
739 719 885 756 animos
905 732 999 768 opus
1020 732 1112 757 esse.

503 877 623 913 Final
636 876 774 923 Dcseal
789 876 835 924 of
845 877 1027 924 Pyrrhus.

119 970 455 1010 39.—Interiecto
470 983 570 1007 anno
587 974 720 1007 contra
738 969 930 1018 Pyrrhum
946 969 1141 1007 Fabricius
1162 975 1219 1008 est
1238 971 1385 1018 missus,
1405 973 1476 1017 cui,

68 1044 112 1076 ut
140 1052 255 1088 supra
282 1038 642 1085 demonstravimus,
672 1038 893 1087 persuaderi
922 1051 999 1075 non
1028 1044 1179 1088 poterat
1208 1046 1344 1089 quarta
1368 1048 1476 1090 parte

67 1109 175 1158 regni
206 1108 393 1157 promissa
423 1112 466 1145 ut
499 1121 586 1145 suos
623 1107 863 1144 destitueret.
937 1107 1044 1154 Inde,
1080 1121 1164 1145 cum
1196 1109 1322 1147 vicina
1354 1116 1477 1148 castra

68 1177 149 1226 ipse
169 1182 208 1214 et
236 1190 303 1214 rex
328 1177 525 1223 haberent,
546 1176 716 1213 medicus
745 1175 886 1224 Pyrrhi
914 1176 962 1213 ad
992 1189 1078 1213 eum
1107 1182 1223 1214 noctu
1252 1179 1368 1225 venit,
1391 1193 1475 1228 pro-

70 1245 250 1294 misitque
288 1258 326 1282 se
364 1244 558 1294 Pyrrhum
596 1257 744 1281 veneno
783 1244 1006 1290 occisurum,
1046 1245 1077 1281 si
1108 1246 1181 1283 sibi
1214 1247 1296 1284 auri
1333 1247 1477 1297 aliquid

70 1313 234 1351 daretur.
293 1313 415 1359 Quem
443 1312 639 1350 Fabricius
658 1312 831 1349 vinctum
859 1312 988 1350 reduci
1017 1313 1128 1352 iussit
1155 1315 1382 1366 Pyrrhoque
1403 1318 1478 1356 dici

69 1395 165 1431 quae
194 1387 326 1419 contra
355 1387 468 1430 caput
496 1381 576 1418 eius
606 1381 776 1418 medicus
805 1381 1082 1431 spopondisset.
1157 1384 1304 1430 Quibus
1333 1387 1475 1424 auditis

70 1463 148 1497 rex,
171 1450 241 1488 Ille
271 1455 338 1496 est,
368 1450 506 1499 inquit,
536 1450 742 1497 Fabricius,
774 1451 839 1499 qui
868 1450 1059 1488 difficilius
1088 1466 1109 1489 a
1137 1453 1330 1502 probitate
1359 1469 1473 1505 quam

71 1518 127 1556 sol
147 1532 168 1556 a
188 1532 297 1555 cursu
314 1531 380 1555 suo
401 1518 523 1555 averti
542 1523 680 1567 potest.
729 1518 828 1555 Tum
848 1532 916 1556 rex
936 1519 984 1556 ad
1005 1519 1174 1557 Siciliam
1192 1522 1386 1570 profectus
1406 1530 1475 1571 est,

73 1586 279 1632 Fabricius,
312 1586 425 1623 victis
455 1586 501 1622 iis
533 1586 599 1635 qui
636 1599 674 1622 se
708 1586 857 1634 Pyrrho
895 1586 1166 1634 adiunxerunt,
1207 1589 1472 1640 triumphavit.

74 1655 259 1693 Consules
279 1655 369 1692 inde
398 1655 536 1692 Curius
564 1654 757 1692 Dentatus
778 1660 817 1692 et
845 1655 1047 1692 Cornelius
1076 1656 1264 1695 Lentulus
1294 1659 1475 1699 adversus

73 1723 266 1774 Pyrrhum
302 1723 408 1760 missi
445 1728 544 1760 sunt.
616 1722 754 1761 Curius
787 1736 872 1760 cum
906 1724 1086 1762 atrociter
1117 1731 1331 1776 pugnatum
1364 1735 1476 1777 esset,

72 1794 166 1831 fusis
184 1793 284 1842 regis
304 1792 433 1842 copiis,
453 1797 576 1829 castra
595 1792 703 1841 cepit.
762 1793 818 1830 Eo
838 1792 900 1830 die
921 1807 1028 1831 caesa
1046 1794 1217 1832 hostium
1245 1796 1384 1847 viginti
1403 1799 1478 1837 tria

74 1862 187 1900 milia.
259 1862 318 1899 De
347 1861 498 1910 Pyrrho
526 1860 766 1910 triumphum
800 1861 878 1911 egit
906 1861 1067 1909 Curius3
1101 1863 1203 1901 idem
1232 1865 1378 1914 primus
1407 1867 1478 1904 elc-

73 1931 238 1981 phantos
267 1930 430 1967 Romam
458 1929 579 1967 duxit.
637 1929 735 1967 Inde
764 1929 936 1978 Pyrrhus
966 1931 1005 1967 in
1039 1931 1240 1970 Graeciam
1272 1947 1476 1984 regressus,

74 2000 167 2037 dum
186 1999 371 2049 oppidum
399 1998 594 2048 quoddam
613 1998 652 2036 vi
681 2004 891 2049 oppugnat,
912 1999 1040 2049 tegula
1069 2014 1090 2037 a
1118 2001 1276 2040 muliere
1306 2004 1479 2042 coniecta

75 2069 173 2106 ictus
192 2068 361 2106 decessit.

425 2177 498 2213 lee
516 2177 721 2225 Simplicity
740 2177 785 2224 eff
794 2179 853 2213 tlze
869 2179 933 2214 old
947 2180 1124 2216 Romans.

127 2260 447 2307 40.-—Quamvis
484 2264 619 2309 postea
654 2260 820 2298 Romani
857 2260 1016 2299 ditiores
1054 2262 1146 2300 facti
1184 2263 1274 2310 sint,
1310 2266 1479 2316 finesque

77 2328 232 2366 latiores
269 2327 489 2375 habuerint,
528 2340 592 2366 eos
637 2328 784 2378 optima
819 2328 977 2367 vivendi
1022 2331 1170 2369 ratione
1217 2345 1303 2370 cum
1349 2341 1482 2374 contra
