1559 2463
91 66 296 117 PAR'r111.]
417 67 784 104 ALEXANDER
817 67 936 103 THE
968 67 1174 104 GREAT.
1423 78 1490 112 ¹03

86 179 202 216 etiam
230 178 410 227 pecuniae
439 178 649 215 adiicerent
676 178 706 215 si
735 191 804 227 pro
833 177 994 227 captivis
1022 177 1190 225 pretium
1217 176 1492 225 redemptionis

86 246 203 283 vellet
222 246 397 295 accipere.
447 245 564 283 Cuius
583 246 765 294 pecuniae
785 244 1025 295 accipiendae
1041 258 1172 282 suasor
1186 245 1260 281 fuit
1275 244 1491 290 Parmenio,

88 313 189 351 idem
218 314 400 351 monebat
432 327 479 351 ne
508 314 657 351 viarum
690 327 758 363 per
790 313 872 351 loca
904 313 1056 350 deserta
1087 312 1388 359 oblivisceretur,
1419 326 1493 350 neu

89 387 183 431 quot
227 382 381 420 milibus
431 395 610 431 passuum
656 395 678 419 a
724 381 952 419 Macedonia
998 381 1248 418 distineretur
1291 381 1489 418 exercitus

88 451 247 500 Ingrata
274 451 396 488 oratio
424 450 503 500 regi
531 450 614 487 fuit.
674 449 809 499 Itaque
838 454 882 486 ut
909 450 1024 486 finem
1044 448 1196 486 dicendi
1216 448 1318 494 fecit,
1340 448 1390 485 Et
1410 461 1494 498 ego,

88 520 224 568 inquit,
264 519 463 568 pecuniam
501 532 614 567 quam
651 518 813 568 gloriam
849 517 1015 563 mallem,
1054 518 1084 555 si
1118 517 1321 555 Parmenio
1359 529 1491 554 essem.

89 588 202 624 Nunc
221 587 443 624 Alexander
479 586 526 623 de
559 591 785 636 paupertate
818 600 971 624 securus
1008 599 1093 623 sum
1126 590 1165 623 et
1201 598 1261 622 me
1294 598 1371 622 non
1401 598 1495 622 mer-

90 661 256 693 catorem
283 656 439 693 memini
469 668 561 701 esse,
591 655 657 693 sed
686 668 824 705 regem.
883 655 993 693 Nihil
1022 654 1179 704 quidem
1204 654 1326 692 habeo
1347 653 1493 700 venale,

90 724 155 762 sed
176 725 370 761 fortunam
390 737 515 761 meam
534 724 666 773 utique
685 737 763 761 non
783 723 932 761 vendo:
962 723 1134 772 captivos
1162 722 1192 760 si
1221 722 1347 771 placet
1372 720 1496 767 reddi,

90 793 286 831 honestius
315 793 416 830 dono
445 792 630 838 dabimus,
662 806 777 842 quam
806 805 891 830 cum
919 792 1043 841 pretio
1063 791 1316 828 remittemus.
1373 790 1498 827 Intro-

91 861 216 899 ductis
236 860 376 898 deinde
395 860 531 910 legatis
560 861 717 910 negavit
744 860 841 897 ullas
870 873 908 898 se
937 859 1177 898 conditiones
1196 859 1366 908 accipere
1385 857 1495 896 velle.

91 930 173 968 Aut
192 929 428 967 deditionem
449 933 515 966 aut
534 929 676 967 bellum
696 933 849 978 pararet
867 941 945 967 rex.

585 1069 623 1104 T
618 1069 661 1103 lle
686 1068 841 1104 Council
856 1067 901 1114 of
925 1068 1026 1104 Wzr.

146 1150 402 1189 212.-—Cum
430 1151 506 1188 iam
531 1151 571 1188 in
591 1156 796 1200 conspectu
824 1154 952 1188 essent
980 1149 1137 1187 hostiles
1162 1149 1361 1194 exercitus,
1385 1148 1501 1186 Alex-

94 1219 213 1257 ander
241 1219 400 1257 concilio
434 1224 642 1257 convocato
675 1219 789 1257 duces
822 1219 1014 1257 consuluit
1046 1217 1139 1268 quid
1172 1218 1362 1267 optimum
1395 1217 1499 1255 factu

94 1291 202 1324 esset.
242 1287 444 1323 Parmenio
459 1286 564 1324 furto
577 1300 654 1323 non
669 1286 813 1335 proelio
829 1299 924 1335 opus
940 1299 1020 1324 esse
1033 1286 1219 1323 censebat.
1262 1286 1501 1335 Intempesta

92 1358 204 1391 nocte
232 1354 396 1403 opprimi
424 1367 533 1403 posse
562 1354 713 1391 hostes:
743 1353 937 1391 discordes
966 1354 1145 1400 moribus,
1177 1354 1330 1404 linguis,
1351 1354 1400 1392 ad
1428 1355 1500 1392 hoc

95 1436 228 1462 somno
274 1428 312 1460 et
357 1423 565 1472 improviso
610 1422 779 1472 periculo
825 1423 980 1460 territos
1026 1422 1180 1472 quando
1227 1435 1274 1460 ex
1311 1427 1501 1460 nocturna

95 1491 351 1541 trepidatione
389 1491 582 1529 coituros?
638 1491 694 1528 At
721 1491 890 1528 interdiu
919 1491 1108 1528 terribiles
1134 1504 1354 1528 occursuras
1386 1491 1502 1528 facies

95 1561 325 1610 Scytharum
339 1576 349 1608 ,-
378 1561 479 1598 hirta
498 1561 572 1598 illis
592 1574 658 1598 ora
686 1566 725 1598 et
752 1561 924 1598 intonsas
953 1574 1079 1598 comas
1108 1573 1199 1607 esse,
1221 1560 1402 1597 eximiam
1422 1573 1502 1597 vas-

96 1635 222 1667 torum
259 1629 566 1679 magnitudinem
612 1643 824 1679 corporum.
882 1629 1003 1666 Vanis
1040 1633 1080 1666 et
1124 1629 1302 1666 inanibus
1339 1628 1502 1665 militem

94 1699 214 1747 magis
234 1711 348 1747 quam
368 1698 478 1735 iustis
497 1697 714 1735 formidinis
734 1698 855 1735 causis
874 1698 1031 1735 moveri.
1081 1697 1227 1735 Contra
1246 1710 1326 1743 rex,
1343 1697 1501 1743 Furum,

96 1767 233 1816 inquit,
271 1767 344 1804 ista
390 1766 560 1804 sollertia
605 1771 671 1804 est.
731 1766 865 1804 Palam
910 1766 992 1803 luce
1038 1765 1194 1815 aggredi
1241 1770 1388 1803 certum
1433 1771 1501 1803 est.

96 1835 162 1872 Me
181 1848 287 1872 meae
315 1835 491 1872 fortunae
520 1835 647 1884 potius
675 1835 872 1884 poeniteat
892 1848 1006 1884 quam
1026 1834 1209 1871 victoriae
1229 1834 1381 1882 pudeat.
1439 1833 1504 1871 Ad

97 1903 190 1941 haec
216 1903 314 1940 illud
342 1916 492 1952 quoque
522 1903 677 1950 accedit,
706 1908 749 1941 ut
776 1903 926 1954 vigilias
955 1908 1072 1953 agant
1101 1903 1253 1940 barbari
1273 1907 1312 1940 et
1330 1903 1370 1940 in
1390 1902 1505 1940 armis

101 1976 216 2020 stent,
247 1976 291 2009 ut
318 1985 366 2009 ne
395 1972 519 2021 decipi
548 1972 704 2022 quidem
736 1973 895 2021 possint.
952 1972 1089 2021 Itaque
1126 1971 1175 2009 ad
1212 1970 1401 2021 proelium
1439 1984 1508 2008 vos

98 2046 238 2090 parate.
298 2041 360 2078 Sic
379 2041 559 2079 incitatos
579 2041 626 2079 ad
647 2054 806 2090 corpora
825 2041 993 2079 curanda
1013 2041 1171 2079 dimisit.

570 2176 699 2211 Battle
717 2175 762 2222 of
777 2176 1020 2223 Gaugamela.

154 2258 439 2297 213.—Prima
475 2258 557 2296 luce
594 2259 708 2297 duces
745 2259 794 2296 ad
830 2260 1065 2308 praetorium
1098 2258 1319 2308 frequentes
1356 2264 1505 2296 coeunt.

104 2327 203 2364 Tum
223 2341 290 2365 rex
310 2341 331 2364 a
350 2327 602 2365 Parmenione
623 2328 812 2366 excitatus
827 2329 980 2378 signum
1004 2341 1154 2378 pugnae
1173 2328 1267 2365 tuba
1286 2327 1369 2365 dari
1388 2328 1507 2366 iussit.
