<?xml version="1.0" encoding="UTF-8"?>
<!DOCTYPE html PUBLIC "-//W3C//DTD XHTML 1.0 Transitional//EN"
    "http://www.w3.org/TR/xhtml1/DTD/xhtml1-transitional.dtd">
<html xmlns="http://www.w3.org/1999/xhtml" xml:lang="en" lang="en">
 <head>
  <title>
</title>
<meta http-equiv="Content-Type" content="text/html;charset=utf-8" />
  <meta name='ocr-system' content='tesseract 3.04.00' />
  <meta name='ocr-capabilities' content='ocr_page ocr_carea ocr_par ocr_line ocrx_word'/>
</head>
<body>
  <div class='ocr_page' id='page_1' title='image "./secondlatinreadi00benn_0142.png"; bbox 0 0 1559 2463; ppageno 0'>
   <div class='ocr_carea' id='block_1_1' title="bbox 101 53 1495 106">
    <p class='ocr_par' dir='ltr' id='par_1_1' title="bbox 101 53 1495 106">
     <span class='ocr_line' id='line_1_1' title="bbox 101 53 1495 106; baseline -0.004 -9"><span class='ocrx_word' id='word_1_1' title='bbox 101 73 173 106; x_wconf 90' lang='lat'>124</span> <span class='ocrx_word' id='word_1_2' title='bbox 306 59 542 97; x_wconf 85' lang='lat' dir='ltr'><em>SECOND</em></span> <span class='ocrx_word' id='word_1_3' title='bbox 570 58 762 94; x_wconf 82' lang='lat' dir='ltr'><em>LATIN</em></span> <span class='ocrx_word' id='word_1_4' title='bbox 781 57 1060 94; x_wconf 76' lang='lat' dir='ltr'><em>READJNG</em></span> <span class='ocrx_word' id='word_1_5' title='bbox 1088 56 1260 93; x_wconf 83' lang='lat' dir='ltr'><em>BOOK.</em></span> <span class='ocrx_word' id='word_1_6' title='bbox 1295 53 1417 106; x_wconf 81' lang='lat' dir='ltr'>[PART</span> <span class='ocrx_word' id='word_1_7' title='bbox 1438 66 1495 91; x_wconf 89' lang='lat'>111.</span> 
     </span>
    </p>
   </div>
   <div class='ocr_carea' id='block_1_2' title="bbox 94 162 1500 419">
    <p class='ocr_par' dir='ltr' id='par_1_2' title="bbox 94 162 1500 419">
     <span class='ocr_line' id='line_1_2' title="bbox 94 162 1499 217; baseline -0.004 -12"><span class='ocrx_word' id='word_1_8' title='bbox 94 167 222 217; x_wconf 87' lang='lat' dir='ltr'>largae</span> <span class='ocrx_word' id='word_1_9' title='bbox 258 170 418 204; x_wconf 89' lang='lat' dir='ltr'>manant</span> <span class='ocrx_word' id='word_1_10' title='bbox 454 178 473 204; x_wconf 91' lang='lat' dir='ltr'>e</span> <span class='ocrx_word' id='word_1_11' title='bbox 509 165 691 203; x_wconf 83' lang='lat' dir='ltr'>fontibus.</span> <span class='ocrx_word' id='word_1_12' title='bbox 760 164 942 202; x_wconf 86' lang='lat' dir='ltr'>Ceterum</span> <span class='ocrx_word' id='word_1_13' title='bbox 979 163 1041 201; x_wconf 92' lang='lat' dir='ltr'>hic</span> <span class='ocrx_word' id='word_1_14' title='bbox 1078 176 1228 212; x_wconf 90' lang='lat' dir='ltr'>quoque</span> <span class='ocrx_word' id='word_1_15' title='bbox 1265 162 1499 212; x_wconf 73' lang='lat' dir='ltr'>serpentium</span> 
     </span>
     <span class='ocr_line' id='line_1_3' title="bbox 96 231 1500 286; baseline -0.004 -13"><span class='ocrx_word' id='word_1_16' title='bbox 96 249 235 286; x_wconf 87' lang='lat' dir='ltr'>magna</span> <span class='ocrx_word' id='word_1_17' title='bbox 253 236 312 273; x_wconf 83' lang='lat' dir='ltr'>vis</span> <span class='ocrx_word' id='word_1_18' title='bbox 332 239 426 281; x_wconf 84' lang='lat' dir='ltr'>erat,</span> <span class='ocrx_word' id='word_1_19' title='bbox 447 235 614 284; x_wconf 78' lang='lat' dir='ltr'>squamis</span> <span class='ocrx_word' id='word_1_20' title='bbox 634 233 823 283; x_wconf 79' lang='lat' dir='ltr'>fulgorem</span> <span class='ocrx_word' id='word_1_21' title='bbox 843 233 925 270; x_wconf 88' lang='lat' dir='ltr'>auri</span> <span class='ocrx_word' id='word_1_22' title='bbox 944 231 1205 270; x_wconf 74' lang='lat' dir='ltr'>reddentibus.</span> <span class='ocrx_word' id='word_1_23' title='bbox 1262 231 1379 269; x_wconf 91' lang='lat' dir='ltr'>Virus</span> <span class='ocrx_word' id='word_1_24' title='bbox 1397 231 1500 268; x_wconf 91' lang='lat' dir='ltr'>haud</span> 
     </span>
     <span class='ocr_line' id='line_1_4' title="bbox 96 300 1500 353; baseline -0.004 -12"><span class='ocrx_word' id='word_1_25' title='bbox 96 304 218 341; x_wconf 82' lang='lat' dir='ltr'>ullum</span> <span class='ocrx_word' id='word_1_26' title='bbox 244 304 365 353; x_wconf 84' lang='lat' dir='ltr'>magis</span> <span class='ocrx_word' id='word_1_27' title='bbox 392 303 553 340; x_wconf 85' lang='lat' dir='ltr'>noxium</span> <span class='ocrx_word' id='word_1_28' title='bbox 581 306 664 339; x_wconf 85' lang='lat' dir='ltr'>est:</span> <span class='ocrx_word' id='word_1_29' title='bbox 702 314 873 339; x_wconf 88' lang='lat' dir='ltr'>morsum</span> <span class='ocrx_word' id='word_1_30' title='bbox 901 300 1004 338; x_wconf 88' lang='lat' dir='ltr'>enim</span> <span class='ocrx_word' id='word_1_31' title='bbox 1031 313 1210 349; x_wconf 82' lang='lat' dir='ltr'>praesens</span> <span class='ocrx_word' id='word_1_32' title='bbox 1242 313 1344 337; x_wconf 88' lang='lat' dir='ltr'>mors</span> <span class='ocrx_word' id='word_1_33' title='bbox 1373 312 1500 348; x_wconf 89' lang='lat' dir='ltr'>seque-</span> 
     </span>
     <span class='ocr_line' id='line_1_5' title="bbox 96 368 1089 419; baseline -0.005 -9"><span class='ocrx_word' id='word_1_34' title='bbox 96 373 220 419; x_wconf 89' lang='lat' dir='ltr'>batur,</span> <span class='ocrx_word' id='word_1_35' title='bbox 241 372 361 410; x_wconf 90' lang='lat' dir='ltr'>donec</span> <span class='ocrx_word' id='word_1_36' title='bbox 381 372 429 410; x_wconf 88' lang='lat' dir='ltr'>ab</span> <span class='ocrx_word' id='word_1_37' title='bbox 447 370 581 409; x_wconf 89' lang='lat' dir='ltr'>incolis</span> <span class='ocrx_word' id='word_1_38' title='bbox 599 369 812 407; x_wconf 88' lang='lat' dir='ltr'>remedium</span> <span class='ocrx_word' id='word_1_39' title='bbox 832 368 1003 406; x_wconf 86' lang='lat' dir='ltr'>oblatum</span> <span class='ocrx_word' id='word_1_40' title='bbox 1022 373 1089 406; x_wconf 89' lang='lat' dir='ltr'>est.</span> 
     </span>
    </p>
   </div>
   <div class='ocr_carea' id='block_1_3' title="bbox 505 519 1090 567">
    <p class='ocr_par' dir='ltr' id='par_1_3' title="bbox 505 519 1090 567">
     <span class='ocr_line' id='line_1_6' title="bbox 505 519 1090 567; baseline -0.005 -10"><span class='ocrx_word' id='word_1_41' title='bbox 505 520 715 567; x_wconf 76' lang='lat' dir='ltr'>Splendour</span> <span class='ocrx_word' id='word_1_42' title='bbox 731 519 775 565; x_wconf 71' lang='lat' dir='ltr'>(ff</span> <span class='ocrx_word' id='word_1_43' title='bbox 786 532 810 555; x_wconf 86' lang='lat' dir='ltr'>a</span> <span class='ocrx_word' id='word_1_44' title='bbox 830 519 954 555; x_wconf 80' lang='lat' dir='ltr'>native</span> <span class='ocrx_word' id='word_1_45' title='bbox 973 520 1017 555; x_wconf 83' lang='lat' dir='ltr'><em>K</em></span> <span class='ocrx_word' id='word_1_46' title='bbox 1015 519 1090 566; x_wconf 76' lang='lat' dir='ltr'>ing.</span> 
     </span>
    </p>
   </div>
   <div class='ocr_carea' id='block_1_4' title="bbox 93 607 1502 1556">
    <p class='ocr_par' dir='ltr' id='par_1_4' title="bbox 93 607 1502 1556">
     <span class='ocr_line' id='line_1_7' title="bbox 148 607 1501 661; baseline -0.004 -11"><span class='ocrx_word' id='word_1_47' title='bbox 148 612 404 652; x_wconf 67' lang='lat' dir='ltr'>253.—P0st</span> <span class='ocrx_word' id='word_1_48' title='bbox 431 612 577 661; x_wconf 81' lang='lat' dir='ltr'>aliquot</span> <span class='ocrx_word' id='word_1_49' title='bbox 604 624 652 647; x_wconf 85' lang='lat' dir='ltr'>ex</span> <span class='ocrx_word' id='word_1_50' title='bbox 679 611 815 647; x_wconf 90' lang='lat' dir='ltr'>itinere</span> <span class='ocrx_word' id='word_1_51' title='bbox 842 609 987 658; x_wconf 89' lang='lat' dir='ltr'>proelia</span> <span class='ocrx_word' id='word_1_52' title='bbox 1014 622 1099 646; x_wconf 87' lang='lat' dir='ltr'>curn</span> <span class='ocrx_word' id='word_1_53' title='bbox 1127 608 1297 646; x_wconf 85' lang='lat' dir='ltr'>barbaris</span> <span class='ocrx_word' id='word_1_54' title='bbox 1326 607 1439 656; x_wconf 89' lang='lat' dir='ltr'>edita,</span> <span class='ocrx_word' id='word_1_55' title='bbox 1461 608 1501 645; x_wconf 88' lang='lat' dir='ltr'>in</span> 
     </span>
     <span class='ocr_line' id='line_1_8' title="bbox 95 676 1497 730; baseline -0.003 -12"><span class='ocrx_word' id='word_1_56' title='bbox 95 693 256 730; x_wconf 86' lang='lat' dir='ltr'>regnum</span> <span class='ocrx_word' id='word_1_57' title='bbox 294 680 466 730; x_wconf 83' lang='lat' dir='ltr'>Sopithis</span> <span class='ocrx_word' id='word_1_58' title='bbox 502 683 731 729; x_wconf 88' lang='lat' dir='ltr'>perventum</span> <span class='ocrx_word' id='word_1_59' title='bbox 768 683 835 715; x_wconf 89' lang='lat' dir='ltr'>est.</span> <span class='ocrx_word' id='word_1_60' title='bbox 911 677 1027 724; x_wconf 84' lang='lat' dir='ltr'>Gens,</span> <span class='ocrx_word' id='word_1_61' title='bbox 1061 682 1105 715; x_wconf 90' lang='lat' dir='ltr'>ut</span> <span class='ocrx_word' id='word_1_62' title='bbox 1140 678 1293 715; x_wconf 88' lang='lat' dir='ltr'>barbari</span> <span class='ocrx_word' id='word_1_63' title='bbox 1326 676 1497 723; x_wconf 91' lang='lat' dir='ltr'>credunt,</span> 
     </span>
     <span class='ocr_line' id='line_1_9' title="bbox 96 746 1501 799; baseline -0.004 -12"><span class='ocrx_word' id='word_1_64' title='bbox 96 749 285 799; x_wconf 81' lang='lat' dir='ltr'>sapientia</span> <span class='ocrx_word' id='word_1_65' title='bbox 329 749 483 787; x_wconf 85' lang='lat' dir='ltr'>excellit</span> <span class='ocrx_word' id='word_1_66' title='bbox 528 749 714 798; x_wconf 85' lang='lat' dir='ltr'>bonisque</span> <span class='ocrx_word' id='word_1_67' title='bbox 760 748 928 784; x_wconf 88' lang='lat' dir='ltr'>moribus</span> <span class='ocrx_word' id='word_1_68' title='bbox 974 747 1127 797; x_wconf 88' lang='lat' dir='ltr'>regitur.</span> <span class='ocrx_word' id='word_1_69' title='bbox 1204 746 1330 783; x_wconf 90' lang='lat' dir='ltr'>Huius</span> <span class='ocrx_word' id='word_1_70' title='bbox 1375 746 1501 795; x_wconf 87' lang='lat' dir='ltr'>gentis</span> 
     </span>
     <span class='ocr_line' id='line_1_10' title="bbox 95 813 1500 868; baseline -0.003 -12"><span class='ocrx_word' id='word_1_71' title='bbox 95 819 290 868; x_wconf 88' lang='lat' dir='ltr'>oppidum,</span> <span class='ocrx_word' id='word_1_72' title='bbox 330 819 388 856; x_wconf 91' lang='lat' dir='ltr'>cui</span> <span class='ocrx_word' id='word_1_73' title='bbox 427 817 650 855; x_wconf 78' lang='lat' dir='ltr'>Alexander</span> <span class='ocrx_word' id='word_1_74' title='bbox 687 817 912 854; x_wconf 85' lang='lat' dir='ltr'>admoverat</span> <span class='ocrx_word' id='word_1_75' title='bbox 949 816 1089 865; x_wconf 82' lang='lat' dir='ltr'>copias,</span> <span class='ocrx_word' id='word_1_76' title='bbox 1127 816 1174 852; x_wconf 87' lang='lat' dir='ltr'>ab</span> <span class='ocrx_word' id='word_1_77' title='bbox 1212 815 1294 864; x_wconf 87' lang='lat' dir='ltr'>ipso</span> <span class='ocrx_word' id='word_1_78' title='bbox 1341 813 1500 863; x_wconf 83' lang='lat' dir='ltr'>Sopithe</span> 
     </span>
     <span class='ocr_line' id='line_1_11' title="bbox 95 884 1500 936; baseline -0.004 -11"><span class='ocrx_word' id='word_1_79' title='bbox 95 889 349 926; x_wconf 80' lang='lat' dir='ltr'>obtinebatur.</span> <span class='ocrx_word' id='word_1_80' title='bbox 408 887 567 925; x_wconf 79' lang='lat' dir='ltr'>Clausae</span> <span class='ocrx_word' id='word_1_81' title='bbox 583 891 693 924; x_wconf 87' lang='lat' dir='ltr'>erant</span> <span class='ocrx_word' id='word_1_82' title='bbox 708 891 850 936; x_wconf 87' lang='lat' dir='ltr'>portae,</span> <span class='ocrx_word' id='word_1_83' title='bbox 869 885 935 923; x_wconf 90' lang='lat' dir='ltr'>sed</span> <span class='ocrx_word' id='word_1_84' title='bbox 955 885 1050 922; x_wconf 91' lang='lat' dir='ltr'>nulli</span> <span class='ocrx_word' id='word_1_85' title='bbox 1066 885 1106 921; x_wconf 91' lang='lat' dir='ltr'>in</span> <span class='ocrx_word' id='word_1_86' title='bbox 1121 884 1240 921; x_wconf 88' lang='lat' dir='ltr'>muris</span> <span class='ocrx_word' id='word_1_87' title='bbox 1255 884 1500 932; x_wconf 87' lang='lat' dir='ltr'>turribusque</span> 
     </span>
     <span class='ocr_line' id='line_1_12' title="bbox 95 953 1502 1004; baseline -0.004 -10"><span class='ocrx_word' id='word_1_88' title='bbox 95 971 134 994; x_wconf 84' lang='lat' dir='ltr'>se</span> <span class='ocrx_word' id='word_1_89' title='bbox 163 958 298 994; x_wconf 88' lang='lat' dir='ltr'>armati</span> <span class='ocrx_word' id='word_1_90' title='bbox 327 957 594 1002; x_wconf 79' lang='lat' dir='ltr'>ostendebant,</span> <span class='ocrx_word' id='word_1_91' title='bbox 626 956 932 1004; x_wconf 85' lang='lat' dir='ltr'>dubitabantque</span> <span class='ocrx_word' id='word_1_92' title='bbox 960 954 1202 999; x_wconf 82' lang='lat' dir='ltr'>Macedones,</span> <span class='ocrx_word' id='word_1_93' title='bbox 1232 953 1502 990; x_wconf 88' lang='lat' dir='ltr'>deseruissent-</span> 
     </span>
     <span class='ocr_line' id='line_1_13' title="bbox 94 1021 1500 1070; baseline -0.004 -7"><span class='ocrx_word' id='word_1_94' title='bbox 94 1039 141 1063; x_wconf 93' lang='lat' dir='ltr'>ne</span> <span class='ocrx_word' id='word_1_95' title='bbox 170 1026 304 1063; x_wconf 88' lang='lat' dir='ltr'>urbem</span> <span class='ocrx_word' id='word_1_96' title='bbox 322 1025 467 1062; x_wconf 85' lang='lat' dir='ltr'>incolae</span> <span class='ocrx_word' id='word_1_97' title='bbox 487 1038 535 1062; x_wconf 89' lang='lat' dir='ltr'>an</span> <span class='ocrx_word' id='word_1_98' title='bbox 564 1023 698 1062; x_wconf 83' lang='lat' dir='ltr'>fraude</span> <span class='ocrx_word' id='word_1_99' title='bbox 727 1036 764 1061; x_wconf 85' lang='lat' dir='ltr'>se</span> <span class='ocrx_word' id='word_1_100' title='bbox 794 1023 1019 1069; x_wconf 83' lang='lat' dir='ltr'>occulerent,</span> <span class='ocrx_word' id='word_1_101' title='bbox 1043 1035 1129 1060; x_wconf 89' lang='lat' dir='ltr'>cum</span> <span class='ocrx_word' id='word_1_102' title='bbox 1157 1022 1283 1060; x_wconf 87' lang='lat' dir='ltr'>subito</span> <span class='ocrx_word' id='word_1_103' title='bbox 1309 1021 1500 1070; x_wconf 80' lang='lat' dir='ltr'>patefacta</span> 
     </span>
     <span class='ocr_line' id='line_1_14' title="bbox 94 1091 1501 1144; baseline -0.004 -12"><span class='ocrx_word' id='word_1_104' title='bbox 94 1100 214 1144; x_wconf 87' lang='lat' dir='ltr'>porta,</span> <span class='ocrx_word' id='word_1_105' title='bbox 237 1108 305 1132; x_wconf 80' lang='lat' dir='ltr'>rex</span> <span class='ocrx_word' id='word_1_106' title='bbox 325 1095 446 1132; x_wconf 88' lang='lat' dir='ltr'>Indus</span> <span class='ocrx_word' id='word_1_107' title='bbox 466 1107 551 1131; x_wconf 82' lang='lat' dir='ltr'>cuin</span> <span class='ocrx_word' id='word_1_108' title='bbox 571 1094 720 1131; x_wconf 89' lang='lat' dir='ltr'>duobus</span> <span class='ocrx_word' id='word_1_109' title='bbox 741 1093 883 1131; x_wconf 88' lang='lat' dir='ltr'>adultis</span> <span class='ocrx_word' id='word_1_110' title='bbox 903 1093 991 1130; x_wconf 84' lang='lat' dir='ltr'>filiis</span> <span class='ocrx_word' id='word_1_111' title='bbox 1011 1092 1186 1138; x_wconf 87' lang='lat' dir='ltr'>occurrit,</span> <span class='ocrx_word' id='word_1_112' title='bbox 1206 1091 1371 1128; x_wconf 89' lang='lat' dir='ltr'>multum</span> <span class='ocrx_word' id='word_1_113' title='bbox 1399 1091 1501 1127; x_wconf 91' lang='lat' dir='ltr'>inter</span> 
     </span>
     <span class='ocr_line' id='line_1_15' title="bbox 96 1160 1499 1211; baseline -0.004 -9"><span class='ocrx_word' id='word_1_114' title='bbox 96 1178 226 1202; x_wconf 87' lang='lat' dir='ltr'>omnes</span> <span class='ocrx_word' id='word_1_115' title='bbox 262 1165 445 1202; x_wconf 88' lang='lat' dir='ltr'>barbaros</span> <span class='ocrx_word' id='word_1_116' title='bbox 482 1164 654 1201; x_wconf 89' lang='lat' dir='ltr'>eminens</span> <span class='ocrx_word' id='word_1_117' title='bbox 701 1162 868 1211; x_wconf 90' lang='lat' dir='ltr'>corporis</span> <span class='ocrx_word' id='word_1_118' title='bbox 915 1162 1046 1211; x_wconf 87' lang='lat' dir='ltr'>specie.</span> <span class='ocrx_word' id='word_1_119' title='bbox 1122 1160 1252 1198; x_wconf 87' lang='lat' dir='ltr'>Vestis</span> <span class='ocrx_word' id='word_1_120' title='bbox 1289 1164 1372 1197; x_wconf 84' lang='lat' dir='ltr'>erat</span> <span class='ocrx_word' id='word_1_121' title='bbox 1408 1173 1499 1196; x_wconf 88' lang='lat' dir='ltr'>auro</span> 
     </span>
     <span class='ocr_line' id='line_1_16' title="bbox 94 1229 1500 1283; baseline -0.004 -12"><span class='ocrx_word' id='word_1_122' title='bbox 94 1247 339 1283; x_wconf 83' lang='lat' dir='ltr'>purpuraque</span> <span class='ocrx_word' id='word_1_123' title='bbox 370 1233 564 1280; x_wconf 87' lang='lat' dir='ltr'>distincta,</span> <span class='ocrx_word' id='word_1_124' title='bbox 595 1245 691 1281; x_wconf 87' lang='lat' dir='ltr'>quae</span> <span class='ocrx_word' id='word_1_125' title='bbox 725 1232 841 1269; x_wconf 86' lang='lat' dir='ltr'>etiam</span> <span class='ocrx_word' id='word_1_126' title='bbox 875 1244 985 1268; x_wconf 88' lang='lat' dir='ltr'>crura</span> <span class='ocrx_word' id='word_1_127' title='bbox 1017 1230 1193 1268; x_wconf 87' lang='lat' dir='ltr'>velabat:</span> <span class='ocrx_word' id='word_1_128' title='bbox 1232 1230 1355 1267; x_wconf 85' lang='lat' dir='ltr'>aureis</span> <span class='ocrx_word' id='word_1_129' title='bbox 1389 1229 1500 1266; x_wconf 86' lang='lat' dir='ltr'>soleis</span> 
     </span>
     <span class='ocr_line' id='line_1_17' title="bbox 93 1299 1501 1352; baseline -0.004 -12"><span class='ocrx_word' id='word_1_130' title='bbox 93 1304 306 1340; x_wconf 83' lang='lat' dir='ltr'>inseruerat</span> <span class='ocrx_word' id='word_1_131' title='bbox 332 1315 513 1352; x_wconf 85' lang='lat' dir='ltr'>gemmas,</span> <span class='ocrx_word' id='word_1_132' title='bbox 534 1301 665 1339; x_wconf 89' lang='lat' dir='ltr'>lacerti</span> <span class='ocrx_word' id='word_1_133' title='bbox 694 1313 845 1350; x_wconf 88' lang='lat' dir='ltr'>quoque</span> <span class='ocrx_word' id='word_1_134' title='bbox 874 1305 912 1338; x_wconf 90' lang='lat' dir='ltr'>et</span> <span class='ocrx_word' id='word_1_135' title='bbox 940 1300 1095 1337; x_wconf 87' lang='lat' dir='ltr'>brachia</span> <span class='ocrx_word' id='word_1_136' title='bbox 1122 1299 1337 1349; x_wconf 84' lang='lat' dir='ltr'>margaritis</span> <span class='ocrx_word' id='word_1_137' title='bbox 1367 1302 1501 1335; x_wconf 88' lang='lat' dir='ltr'>ornata</span> 
     </span>
     <span class='ocr_line' id='line_1_18' title="bbox 95 1366 1499 1418; baseline -0.004 -10"><span class='ocrx_word' id='word_1_138' title='bbox 95 1376 213 1408; x_wconf 88' lang='lat' dir='ltr'>erant.</span> <span class='ocrx_word' id='word_1_139' title='bbox 272 1370 500 1408; x_wconf 88' lang='lat' dir='ltr'>Pendebant</span> <span class='ocrx_word' id='word_1_140' title='bbox 528 1383 575 1407; x_wconf 81' lang='lat' dir='ltr'>ex</span> <span class='ocrx_word' id='word_1_141' title='bbox 604 1369 759 1407; x_wconf 89' lang='lat' dir='ltr'>auribus</span> <span class='ocrx_word' id='word_1_142' title='bbox 786 1369 955 1418; x_wconf 81' lang='lat' dir='ltr'>insignes</span> <span class='ocrx_word' id='word_1_143' title='bbox 975 1368 1139 1406; x_wconf 89' lang='lat' dir='ltr'>candore</span> <span class='ocrx_word' id='word_1_144' title='bbox 1168 1372 1207 1405; x_wconf 91' lang='lat' dir='ltr'>et</span> <span class='ocrx_word' id='word_1_145' title='bbox 1234 1366 1499 1417; x_wconf 84' lang='lat' dir='ltr'>magnitudine</span> 
     </span>
     <span class='ocr_line' id='line_1_19' title="bbox 94 1433 1497 1487; baseline -0.004 -11"><span class='ocrx_word' id='word_1_146' title='bbox 94 1438 225 1487; x_wconf 85' lang='lat' dir='ltr'>lapilli.</span> <span class='ocrx_word' id='word_1_147' title='bbox 282 1438 468 1475; x_wconf 87' lang='lat' dir='ltr'>Baculum</span> <span class='ocrx_word' id='word_1_148' title='bbox 506 1450 664 1475; x_wconf 88' lang='lat' dir='ltr'>aureum</span> <span class='ocrx_word' id='word_1_149' title='bbox 701 1436 839 1485; x_wconf 87' lang='lat' dir='ltr'>berylli</span> <span class='ocrx_word' id='word_1_150' title='bbox 875 1436 1187 1485; x_wconf 81' lang='lat' dir='ltr'>distinguebant:</span> <span class='ocrx_word' id='word_1_151' title='bbox 1232 1447 1306 1484; x_wconf 91' lang='lat' dir='ltr'>quo</span> <span class='ocrx_word' id='word_1_152' title='bbox 1343 1433 1497 1480; x_wconf 86' lang='lat' dir='ltr'>tradito,</span> 
     </span>
     <span class='ocr_line' id='line_1_20' title="bbox 96 1502 1497 1556; baseline -0.004 -12"><span class='ocrx_word' id='word_1_153' title='bbox 96 1512 273 1556; x_wconf 84' lang='lat' dir='ltr'>precatus</span> <span class='ocrx_word' id='word_1_154' title='bbox 290 1511 335 1543; x_wconf 89' lang='lat' dir='ltr'>ut</span> <span class='ocrx_word' id='word_1_155' title='bbox 355 1519 483 1555; x_wconf 88' lang='lat' dir='ltr'>sospes</span> <span class='ocrx_word' id='word_1_156' title='bbox 504 1506 701 1555; x_wconf 83' lang='lat' dir='ltr'>acciperet,</span> <span class='ocrx_word' id='word_1_157' title='bbox 725 1519 763 1542; x_wconf 89' lang='lat' dir='ltr'>se</span> <span class='ocrx_word' id='word_1_158' title='bbox 784 1505 1000 1553; x_wconf 87' lang='lat' dir='ltr'>liberosque</span> <span class='ocrx_word' id='word_1_159' title='bbox 1021 1510 1060 1541; x_wconf 89' lang='lat' dir='ltr'>et</span> <span class='ocrx_word' id='word_1_160' title='bbox 1078 1509 1232 1553; x_wconf 84' lang='lat' dir='ltr'>gentem</span> <span class='ocrx_word' id='word_1_161' title='bbox 1253 1516 1359 1540; x_wconf 86' lang='lat' dir='ltr'>suam</span> <span class='ocrx_word' id='word_1_162' title='bbox 1379 1502 1497 1540; x_wconf 85' lang='lat' dir='ltr'>dedit.</span> 
     </span>
    </p>
   </div>
   <div class='ocr_carea' id='block_1_5' title="bbox 645 1679 952 1726">
    <p class='ocr_par' dir='ltr' id='par_1_5' title="bbox 645 1679 952 1726">
     <span class='ocr_line' id='line_1_21' title="bbox 645 1679 952 1726; baseline -0.003 -11"><span class='ocrx_word' id='word_1_163' title='bbox 645 1680 824 1726; x_wconf 57' lang='lat' dir='ltr'>fighting</span> <span class='ocrx_word' id='word_1_164' title='bbox 839 1679 952 1725; x_wconf 80' lang='lat' dir='ltr'>Dogs.</span> 
     </span>
    </p>
   </div>
   <div class='ocr_carea' id='block_1_6' title="bbox 92 1767 1501 2368">
    <p class='ocr_par' dir='ltr' id='par_1_6' title="bbox 92 1767 1501 2368">
     <span class='ocr_line' id='line_1_22' title="bbox 148 1767 1500 1818; baseline -0.004 -9"><span class='ocrx_word' id='word_1_165' title='bbox 148 1771 473 1810; x_wconf 78' lang='lat' dir='ltr'>254.—N0biles</span> <span class='ocrx_word' id='word_1_166' title='bbox 493 1770 541 1808; x_wconf 92' lang='lat' dir='ltr'>ad</span> <span class='ocrx_word' id='word_1_167' title='bbox 561 1770 780 1808; x_wconf 89' lang='lat' dir='ltr'>venandum</span> <span class='ocrx_word' id='word_1_168' title='bbox 794 1783 904 1807; x_wconf 86' lang='lat' dir='ltr'>canes</span> <span class='ocrx_word' id='word_1_169' title='bbox 923 1769 964 1806; x_wconf 89' lang='lat' dir='ltr'>in</span> <span class='ocrx_word' id='word_1_170' title='bbox 983 1782 1027 1806; x_wconf 86' lang='lat' dir='ltr'>ea</span> <span class='ocrx_word' id='word_1_171' title='bbox 1045 1769 1197 1818; x_wconf 85' lang='lat' dir='ltr'>regione</span> <span class='ocrx_word' id='word_1_172' title='bbox 1218 1772 1329 1805; x_wconf 90' lang='lat' dir='ltr'>sunt:</span> <span class='ocrx_word' id='word_1_173' title='bbox 1358 1767 1500 1804; x_wconf 89' lang='lat' dir='ltr'>latratu</span> 
     </span>
     <span class='ocr_line' id='line_1_23' title="bbox 95 1835 1501 1884; baseline -0.004 -7"><span class='ocrx_word' id='word_1_174' title='bbox 95 1840 287 1877; x_wconf 85' lang='lat' dir='ltr'>abstinere</span> <span class='ocrx_word' id='word_1_175' title='bbox 316 1839 496 1876; x_wconf 89' lang='lat' dir='ltr'>dicuntur</span> <span class='ocrx_word' id='word_1_176' title='bbox 523 1839 605 1876; x_wconf 84' lang='lat' dir='ltr'>visa</span> <span class='ocrx_word' id='word_1_177' title='bbox 632 1839 724 1884; x_wconf 80' lang='lat' dir='ltr'>fera,</span> <span class='ocrx_word' id='word_1_178' title='bbox 746 1838 920 1876; x_wconf 86' lang='lat' dir='ltr'>leonibus</span> <span class='ocrx_word' id='word_1_179' title='bbox 947 1837 1112 1875; x_wconf 79' lang='lat' dir='ltr'>maxime</span> <span class='ocrx_word' id='word_1_180' title='bbox 1132 1836 1273 1874; x_wconf 78' lang='lat' dir='ltr'>infesti.</span> <span class='ocrx_word' id='word_1_181' title='bbox 1330 1835 1501 1882; x_wconf 79' lang='lat' dir='ltr'>Quorum</span> 
     </span>
     <span class='ocr_line' id='line_1_24' title="bbox 95 1905 1500 1954; baseline -0.002 -10"><span class='ocrx_word' id='word_1_182' title='bbox 95 1908 175 1945; x_wconf 91' lang='lat' dir='ltr'>vim</span> <span class='ocrx_word' id='word_1_183' title='bbox 212 1912 256 1944; x_wconf 91' lang='lat' dir='ltr'>ut</span> <span class='ocrx_word' id='word_1_184' title='bbox 287 1907 508 1945; x_wconf 88' lang='lat' dir='ltr'>ostenderet</span> <span class='ocrx_word' id='word_1_185' title='bbox 544 1906 780 1953; x_wconf 80' lang='lat' dir='ltr'>Alexandro,</span> <span class='ocrx_word' id='word_1_186' title='bbox 814 1907 853 1943; x_wconf 89' lang='lat' dir='ltr'>in</span> <span class='ocrx_word' id='word_1_187' title='bbox 892 1910 1117 1954; x_wconf 88' lang='lat' dir='ltr'>conseptum</span> <span class='ocrx_word' id='word_1_188' title='bbox 1152 1905 1302 1942; x_wconf 90' lang='lat' dir='ltr'>leonem</span> <span class='ocrx_word' id='word_1_189' title='bbox 1339 1905 1500 1941; x_wconf 85' lang='lat' dir='ltr'>eximiae</span> 
     </span>
     <span class='ocr_line' id='line_1_25' title="bbox 94 1972 1501 2025; baseline -0.003 -12"><span class='ocrx_word' id='word_1_190' title='bbox 94 1975 372 2025; x_wconf 84' lang='lat' dir='ltr'>magnitudinis</span> <span class='ocrx_word' id='word_1_191' title='bbox 392 1976 503 2012; x_wconf 89' lang='lat' dir='ltr'>iussit</span> <span class='ocrx_word' id='word_1_192' title='bbox 523 1975 648 2012; x_wconf 88' lang='lat' dir='ltr'>emitti</span> <span class='ocrx_word' id='word_1_193' title='bbox 665 1980 704 2012; x_wconf 90' lang='lat' dir='ltr'>et</span> <span class='ocrx_word' id='word_1_194' title='bbox 723 1980 889 2024; x_wconf 88' lang='lat' dir='ltr'>quatuor</span> <span class='ocrx_word' id='word_1_195' title='bbox 903 1974 1059 2011; x_wconf 88' lang='lat' dir='ltr'>omnino</span> <span class='ocrx_word' id='word_1_196' title='bbox 1080 1973 1275 2011; x_wconf 87' lang='lat' dir='ltr'>admoveri</span> <span class='ocrx_word' id='word_1_197' title='bbox 1296 1985 1417 2019; x_wconf 87' lang='lat' dir='ltr'>canes,</span> <span class='ocrx_word' id='word_1_198' title='bbox 1435 1972 1501 2021; x_wconf 92' lang='lat' dir='ltr'>qui</span> 
     </span>
     <span class='ocr_line' id='line_1_26' title="bbox 95 2042 1500 2093; baseline -0.004 -11"><span class='ocrx_word' id='word_1_199' title='bbox 95 2045 268 2083; x_wconf 88' lang='lat' dir='ltr'>celeriter</span> <span class='ocrx_word' id='word_1_200' title='bbox 303 2045 424 2082; x_wconf 81' lang='lat' dir='ltr'>feram</span> <span class='ocrx_word' id='word_1_201' title='bbox 471 2048 761 2093; x_wconf 85' lang='lat' dir='ltr'>occupaverunt.</span> <span class='ocrx_word' id='word_1_202' title='bbox 837 2043 936 2080; x_wconf 88' lang='lat' dir='ltr'>Tum</span> <span class='ocrx_word' id='word_1_203' title='bbox 973 2055 1021 2080; x_wconf 80' lang='lat' dir='ltr'>ex</span> <span class='ocrx_word' id='word_1_204' title='bbox 1058 2042 1116 2079; x_wconf 89' lang='lat' dir='ltr'>his</span> <span class='ocrx_word' id='word_1_205' title='bbox 1154 2042 1218 2091; x_wconf 91' lang='lat' dir='ltr'>qui</span> <span class='ocrx_word' id='word_1_206' title='bbox 1255 2045 1500 2078; x_wconf 88' lang='lat' dir='ltr'>assueverant</span> 
     </span>
     <span class='ocr_line' id='line_1_27' title="bbox 93 2109 1499 2160; baseline -0.004 -10"><span class='ocrx_word' id='word_1_207' title='bbox 93 2112 234 2150; x_wconf 87' lang='lat' dir='ltr'>talibus</span> <span class='ocrx_word' id='word_1_208' title='bbox 262 2112 495 2160; x_wconf 87' lang='lat' dir='ltr'>ministeriis,</span> <span class='ocrx_word' id='word_1_209' title='bbox 525 2125 623 2148; x_wconf 89' lang='lat' dir='ltr'>unus</span> <span class='ocrx_word' id='word_1_210' title='bbox 652 2112 755 2149; x_wconf 87' lang='lat' dir='ltr'>canis</span> <span class='ocrx_word' id='word_1_211' title='bbox 793 2111 894 2148; x_wconf 89' lang='lat' dir='ltr'>leoni</span> <span class='ocrx_word' id='word_1_212' title='bbox 924 2123 1009 2148; x_wconf 89' lang='lat' dir='ltr'>cum</span> <span class='ocrx_word' id='word_1_213' title='bbox 1037 2110 1120 2147; x_wconf 88' lang='lat' dir='ltr'>aliis</span> <span class='ocrx_word' id='word_1_214' title='bbox 1154 2109 1397 2147; x_wconf 76' lang='lat' dir='ltr'>inhaerentis·</span> <span class='ocrx_word' id='word_1_215' title='bbox 1416 2121 1499 2146; x_wconf 88' lang='lat' dir='ltr'>crus</span> 
     </span>
     <span class='ocr_line' id='line_1_28' title="bbox 94 2177 1500 2230; baseline -0.004 -11"><span class='ocrx_word' id='word_1_216' title='bbox 94 2182 256 2219; x_wconf 86' lang='lat' dir='ltr'>avellere</span> <span class='ocrx_word' id='word_1_217' title='bbox 286 2186 336 2227; x_wconf 84' lang='lat' dir='ltr'>et,</span> <span class='ocrx_word' id='word_1_218' title='bbox 358 2182 447 2230; x_wconf 88' lang='lat' dir='ltr'>quia</span> <span class='ocrx_word' id='word_1_219' title='bbox 466 2193 544 2218; x_wconf 92' lang='lat' dir='ltr'>non</span> <span class='ocrx_word' id='word_1_220' title='bbox 573 2181 815 2230; x_wconf 86' lang='lat' dir='ltr'>sequebatur,</span> <span class='ocrx_word' id='word_1_221' title='bbox 837 2180 938 2217; x_wconf 80' lang='lat' dir='ltr'>ferro</span> <span class='ocrx_word' id='word_1_222' title='bbox 968 2184 1166 2228; x_wconf 84' lang='lat' dir='ltr'>amputare</span> <span class='ocrx_word' id='word_1_223' title='bbox 1195 2178 1344 2227; x_wconf 90' lang='lat' dir='ltr'>coepit:</span> <span class='ocrx_word' id='word_1_224' title='bbox 1373 2191 1421 2215; x_wconf 92' lang='lat' dir='ltr'>ne</span> <span class='ocrx_word' id='word_1_225' title='bbox 1450 2177 1500 2214; x_wconf 89' lang='lat' dir='ltr'>sic</span> 
     </span>
     <span class='ocr_line' id='line_1_29' title="bbox 93 2246 1498 2299; baseline -0.002 -14"><span class='ocrx_word' id='word_1_226' title='bbox 93 2250 249 2299; x_wconf 75' lang='lat' dir='ltr'>quidem</span> <span class='ocrx_word' id='word_1_227' title='bbox 276 2250 487 2299; x_wconf 86' lang='lat' dir='ltr'>pertinacia</span> <span class='ocrx_word' id='word_1_228' title='bbox 514 2250 626 2296; x_wconf 72' lang='lat' dir='ltr'>victa,</span> <span class='ocrx_word' id='word_1_229' title='bbox 657 2262 788 2286; x_wconf 87' lang='lat' dir='ltr'>rursus</span> <span class='ocrx_word' id='word_1_230' title='bbox 816 2248 930 2285; x_wconf 88' lang='lat' dir='ltr'>aliam</span> <span class='ocrx_word' id='word_1_231' title='bbox 958 2252 1108 2296; x_wconf 90' lang='lat' dir='ltr'>partem</span> <span class='ocrx_word' id='word_1_232' title='bbox 1137 2259 1262 2284; x_wconf 87' lang='lat' dir='ltr'>secare</span> <span class='ocrx_word' id='word_1_233' title='bbox 1289 2246 1434 2283; x_wconf 90' lang='lat' dir='ltr'>institit</span> <span class='ocrx_word' id='word_1_234' title='bbox 1460 2250 1498 2282; x_wconf 89' lang='lat' dir='ltr'>et</span> 
     </span>
     <span class='ocr_line' id='line_1_30' title="bbox 92 2314 1495 2368; baseline -0.003 -13"><span class='ocrx_word' id='word_1_235' title='bbox 92 2318 181 2356; x_wconf 89' lang='lat' dir='ltr'>inde</span> <span class='ocrx_word' id='word_1_236' title='bbox 210 2331 287 2356; x_wconf 90' lang='lat' dir='ltr'>non</span> <span class='ocrx_word' id='word_1_237' title='bbox 316 2318 469 2368; x_wconf 88' lang='lat' dir='ltr'>segnius</span> <span class='ocrx_word' id='word_1_238' title='bbox 498 2318 763 2355; x_wconf 85' lang='lat' dir='ltr'>inhaerentem</span> <span class='ocrx_word' id='word_1_239' title='bbox 789 2316 891 2354; x_wconf 83' lang='lat' dir='ltr'>ferro</span> <span class='ocrx_word' id='word_1_240' title='bbox 920 2315 1081 2353; x_wconf 86' lang='lat' dir='ltr'>subinde</span> <span class='ocrx_word' id='word_1_241' title='bbox 1110 2314 1301 2353; x_wconf 84' lang='lat' dir='ltr'>caedebat.</span> <span class='ocrx_word' id='word_1_242' title='bbox 1357 2314 1428 2351; x_wconf 90' lang='lat' dir='ltr'>Ille</span> <span class='ocrx_word' id='word_1_243' title='bbox 1456 2314 1495 2350; x_wconf 91' lang='lat' dir='ltr'>in</span> 
     </span>
    </p>
   </div>
  </div>
 </body>
</html>
