1559 2463
89 73 135 106 86
315 72 552 109 SECOND
580 73 768 108 LATIN
789 73 1066 110 READJNG
1095 72 1265 109 BOOK
1308 68 1427 121 [PART
1449 81 1488 106 11.

87 195 164 219 non
202 182 318 219 semel
363 183 562 220 victoriam
608 189 850 233 reportasset,
889 183 992 221 idem
1037 183 1178 220 maiore
1215 182 1313 220 mole
1358 182 1494 219 Persas

88 263 333 300 aggressurus
352 251 559 297 videretur,
582 251 854 289 Pharnabazus
874 251 983 289 classi
1012 264 1159 288 summa
1186 250 1378 288 celeritate
1399 262 1495 286 com-

86 322 241 367 paratae
270 318 467 356 Cononem
496 319 773 357 Atheniensem
802 319 994 369 praefecit.
1051 320 1090 356 [s
1121 318 1418 368 Peloponnesios
1447 316 1495 354 ad

85 385 253 424 Cnidum
272 387 415 437 proelio
431 388 558 425 navali
577 389 643 426 ubi
662 388 812 435 devicit,
830 388 1051 438 legatosque
1071 388 1279 437 Spartanos
1299 400 1348 424 ex
1362 386 1493 424 Ioniae

88 455 246 492 urbibus
275 456 434 505 expulit,
456 461 562 494 trans
582 457 754 507 Aegeum
774 471 877 495 mare
906 461 1145 494 transvectus
1165 456 1339 493 Athenas
1366 453 1492 491 rediit.

89 523 188 561 Tum
224 538 363 575 magna
400 526 540 563 civium
576 526 723 564 laetitia
754 527 905 564 moenia
938 526 1089 572 refecta,
1126 524 1323 574 Spartanis
1352 521 1496 561 recenti

88 592 193 630 clade
213 594 466 631 consternatis
486 608 608 644 neque
629 608 723 645 opus
742 595 928 645 impedire
944 594 1182 632 audentibus.
1242 593 1337 630 Inde
1358 591 1495 629 fiducia

87 675 216 699 rerum
252 663 555 701 Atheniensibus
592 678 769 711 crescere,
809 665 874 713 qui
920 669 1068 702 veteres
1114 676 1230 700 naves
1267 660 1492 707 sarciendas,

90 744 208 768 novas
237 745 351 781 quam
380 733 574 770 celerrime
601 733 874 782 comparandas
900 738 1043 779 curant,
1066 732 1246 770 adversus
1276 731 1494 780 SpartanOS,

87 800 118 837 si
139 801 291 849 quando
312 803 456 839 occasio
476 802 566 839 data
586 808 694 850 esset,
718 802 948 839 dimicaturi.

472 964 643 1000 Allz‘ance
662 965 813 1012 against
830 965 889 1001 the
907 966 1102 1012 Spartans.

146 1054 459 1094 179.—Interim
474 1055 657 1101 Thebani,
676 1056 741 1105 qui
757 1056 990 1093 occasionem
1011 1054 1284 1092 existimabant
1298 1052 1497 1090 adoriendi

92 1122 309 1171 Spartanos,
332 1123 627 1161 sollicitantibus
655 1124 772 1161 etiam
792 1124 995 1161 Persarum
1023 1123 1169 1173 legatis,
1191 1122 1256 1160 ubi
1285 1121 1405 1159 socios
1425 1120 1497 1158 sibi

90 1191 256 1241 Argivos
272 1197 310 1229 et
330 1192 552 1230 Corinthios
567 1193 821 1239 adsciverunt,
840 1192 984 1230 bellum
1004 1192 1187 1229 indicunt.
1246 1190 1344 1227 Tum
1364 1189 1497 1239 ephori

90 1259 204 1296 veriti
224 1264 268 1296 ut
287 1260 397 1297 novis
426 1260 529 1298 hisce
558 1261 735 1298 hostibus
754 1261 881 1298 resisti
909 1265 1047 1310 posset,
1070 1273 1156 1297 cum
1175 1271 1309 1309 parum
1328 1257 1495 1295 militum

92 1327 165 1364 sibi
198 1332 428 1377 suppeteret,
458 1329 615 1366 nuntios
647 1329 695 1366 ad
729 1329 952 1378 Agesilaum
988 1328 1177 1366 miserunt
1209 1327 1275 1377 qui
1304 1325 1495 1372 docerent,

91 1408 240 1433 summo
268 1396 308 1433 in
336 1396 554 1434 discrimine
584 1410 664 1434 rem
693 1410 796 1443 esse,
825 1410 912 1434 suos
940 1410 1028 1446 ergo
1048 1397 1246 1434 reduceret
1265 1394 1312 1433 ad
1334 1395 1497 1443 patriam

92 1464 331 1511 servandam,
353 1465 412 1502 cui
432 1470 492 1503 tot
510 1465 640 1503 hostes
660 1465 940 1503 minitarentur.
998 1465 1035 1501 Is
1055 1465 1172 1514 igitur
1190 1469 1382 1502 maturato
1403 1476 1497 1512 opus

91 1546 172 1570 esse
192 1538 308 1579 ratus,
330 1547 468 1571 navem
488 1547 602 1583 quam
622 1534 787 1582 primum
816 1533 996 1579 escendit,
1019 1533 1143 1570 edicto
1163 1533 1323 1570 ducibus
1343 1538 1385 1570 ut
1411 1545 1498 1569 suos

93 1602 253 1651 quisque
281 1602 438 1640 domum
458 1602 693 1640 reducerent.
752 1603 848 1640 Inde
877 1602 1112 1652 aliquamdiu
1140 1602 1179 1639 in
1208 1601 1496 1640 Corinthiorum

91 1671 231 1709 finibus
267 1672 439 1721 pugnari,
475 1678 513 1709 et
546 1677 696 1721 tempus
729 1672 812 1718 teri,
848 1685 933 1709 cum
971 1672 1081 1709 sociis
1118 1671 1275 1708 audacia
1307 1671 1495 1715 deficeret,

94 1741 272 1790 Spartani
305 1754 411 1778 mora
448 1754 541 1790 opus
579 1754 658 1778 esse
696 1741 975 1778 arbitrarentur
1011 1740 1059 1778 ad
1097 1740 1237 1778 milites
1270 1739 1497 1778 recreandos

94 1823 309 1860 novamque
329 1810 623 1859 comparandam
644 1810 810 1847 classem.

545 1969 619 2004 The
639 1969 752 2004 Pence
767 1968 812 2013 of
823 1969 858 2004 Α
864 1968 1055 2003 ntalce'das.

151 2059 410 2098 180.—Dum
448 2059 486 2095 in
525 2058 625 2095 hunc
662 2058 819 2095 modum
852 2058 953 2094 inter
982 2070 1020 2094 se
1050 2056 1289 2093 contendunt
1326 2056 1499 2093 civitates

95 2128 273 2174 Graecae,
305 2140 469 2164 crescere
498 2127 700 2164 Persarum
728 2131 905 2175 potestas.
976 2126 1111 2174 Neque
1139 2124 1298 2162 deerant
1325 2124 1498 2161 homines

96 2197 161 2246 qui
181 2209 268 2234 suos
287 2196 447 2245 quisque
468 2197 567 2234 cives
587 2196 780 2242 docerent,
799 2208 930 2244 pacem
959 2207 1044 2232 cum
1065 2194 1180 2231 Persa
1198 2193 1278 2230 fieri
1299 2197 1471 2242 oportere
1488 2207 1498 2239 3

96 2279 181 2303 cum
218 2266 370 2303 barbari
416 2279 512 2315 quae
549 2265 598 2303 ad
644 2265 875 2302 Marathona
912 2269 950 2301 et
988 2263 1181 2301 Salamina
1226 2267 1353 2300 essent
1398 2261 1498 2311 passi

96 2335 423 2380 obliviscerentur,
444 2339 526 2372 tum
546 2334 711 2372 Graecos
731 2333 903 2372 oblivisci
923 2332 1114 2382 quomodo
1143 2336 1270 2382 patres
1290 2345 1352 2369 eas
1374 2330 1498 2369 clades
