<?xml version="1.0" encoding="UTF-8"?>
<!DOCTYPE html PUBLIC "-//W3C//DTD XHTML 1.0 Transitional//EN"
    "http://www.w3.org/TR/xhtml1/DTD/xhtml1-transitional.dtd">
<html xmlns="http://www.w3.org/1999/xhtml" xml:lang="en" lang="en">
 <head>
  <title>
</title>
<meta http-equiv="Content-Type" content="text/html;charset=utf-8" />
  <meta name='ocr-system' content='tesseract 3.04.00' />
  <meta name='ocr-capabilities' content='ocr_page ocr_carea ocr_par ocr_line ocrx_word'/>
</head>
<body>
  <div class='ocr_page' id='page_1' title='image "./secondlatinreadi00benn_0040.png"; bbox 0 0 1559 2463; ppageno 0'>
   <div class='ocr_carea' id='block_1_1' title="bbox 77 100 1472 152">
    <p class='ocr_par' dir='ltr' id='par_1_1' title="bbox 77 100 1472 152">
     <span class='ocr_line' id='line_1_1' title="bbox 77 100 1472 152; baseline 0.003 -17"><span class='ocrx_word' id='word_1_1' title='bbox 77 111 121 134; x_wconf 90' lang='lat'>22</span> <span class='ocrx_word' id='word_1_2' title='bbox 301 100 537 137; x_wconf 85' lang='lat' dir='ltr'><em>SECOND</em></span> <span class='ocrx_word' id='word_1_3' title='bbox 565 101 636 136; x_wconf 80' lang='lat' dir='ltr'>LA</span> <span class='ocrx_word' id='word_1_4' title='bbox 648 102 754 137; x_wconf 85' lang='lat' dir='ltr'>TJN</span> <span class='ocrx_word' id='word_1_5' title='bbox 773 101 1050 139; x_wconf 78' lang='lat' dir='ltr'><em>READJNG</em></span> <span class='ocrx_word' id='word_1_6' title='bbox 1078 102 1252 139; x_wconf 85' lang='lat' dir='ltr'><em>BOOK.</em></span> <span class='ocrx_word' id='word_1_7' title='bbox 1307 100 1428 152; x_wconf 77' lang='lat' dir='ltr'><strong>[PART</strong></span> <span class='ocrx_word' id='word_1_8' title='bbox 1450 114 1472 140; x_wconf 86' lang='lat'>1.</span> 
     </span>
    </p>
   </div>
   <div class='ocr_carea' id='block_1_2' title="bbox 76 206 1480 862">
    <p class='ocr_par' dir='ltr' id='par_1_2' title="bbox 76 206 1480 862">
     <span class='ocr_line' id='line_1_2' title="bbox 76 206 1477 258; baseline 0.004 -16"><span class='ocrx_word' id='word_1_9' title='bbox 76 219 207 255; x_wconf 82' lang='lat' dir='ltr'>pacem</span> <span class='ocrx_word' id='word_1_10' title='bbox 226 207 428 255; x_wconf 89' lang='lat' dir='ltr'>petierunt.</span> <span class='ocrx_word' id='word_1_11' title='bbox 484 207 607 254; x_wconf 79' lang='lat' dir='ltr'>Quam</span> <span class='ocrx_word' id='word_1_12' title='bbox 627 221 712 245; x_wconf 91' lang='lat' dir='ltr'>cum</span> <span class='ocrx_word' id='word_1_13' title='bbox 732 206 903 258; x_wconf 82' lang='lat' dir='ltr'>Regulus</span> <span class='ocrx_word' id='word_1_14' title='bbox 934 208 1009 246; x_wconf 90' lang='lat' dir='ltr'>nisi</span> <span class='ocrx_word' id='word_1_15' title='bbox 1027 208 1170 258; x_wconf 89' lang='lat' dir='ltr'>iniquis</span> <span class='ocrx_word' id='word_1_16' title='bbox 1190 208 1477 247; x_wconf 86' lang='lat' dir='ltr'>condicionibus</span> 
     </span>
     <span class='ocr_line' id='line_1_3' title="bbox 77 274 1476 328; baseline 0.003 -17"><span class='ocrx_word' id='word_1_17' title='bbox 77 274 167 312; x_wconf 86' lang='lat' dir='ltr'>dare</span> <span class='ocrx_word' id='word_1_18' title='bbox 197 275 391 321; x_wconf 92' lang='lat' dir='ltr'>noluisset,</span> <span class='ocrx_word' id='word_1_19' title='bbox 412 276 674 326; x_wconf 87' lang='lat' dir='ltr'>redintegrato</span> <span class='ocrx_word' id='word_1_20' title='bbox 707 276 806 314; x_wconf 88' lang='lat' dir='ltr'>bello</span> <span class='ocrx_word' id='word_1_21' title='bbox 840 277 1005 314; x_wconf 89' lang='lat' dir='ltr'>Romani</span> <span class='ocrx_word' id='word_1_22' title='bbox 1033 291 1055 315; x_wconf 90' lang='lat' dir='ltr'>a</span> <span class='ocrx_word' id='word_1_23' title='bbox 1082 277 1222 315; x_wconf 81' lang='lat' dir='ltr'>Poenis</span> <span class='ocrx_word' id='word_1_24' title='bbox 1251 277 1476 328; x_wconf 74' lang='lat' dir='ltr'>Xanthippo</span> 
     </span>
     <span class='ocr_line' id='line_1_4' title="bbox 76 343 1477 395; baseline 0.003 -15"><span class='ocrx_word' id='word_1_25' title='bbox 76 343 170 380; x_wconf 86' lang='lat' dir='ltr'>duce</span> <span class='ocrx_word' id='word_1_26' title='bbox 203 343 345 381; x_wconf 84' lang='lat' dir='ltr'>devicti</span> <span class='ocrx_word' id='word_1_27' title='bbox 373 349 474 390; x_wconf 87' lang='lat' dir='ltr'>sunt,</span> <span class='ocrx_word' id='word_1_28' title='bbox 496 344 577 381; x_wconf 81' lang='lat' dir='ltr'>dux</span> <span class='ocrx_word' id='word_1_29' title='bbox 604 345 685 393; x_wconf 90' lang='lat' dir='ltr'>ipse</span> <span class='ocrx_word' id='word_1_30' title='bbox 709 344 879 394; x_wconf 82' lang='lat' dir='ltr'>Regulus</span> <span class='ocrx_word' id='word_1_31' title='bbox 899 350 1044 394; x_wconf 78' lang='lat' dir='ltr'>captus,</span> <span class='ocrx_word' id='word_1_32' title='bbox 1100 345 1139 384; x_wconf 89' lang='lat' dir='ltr'>Is</span> <span class='ocrx_word' id='word_1_33' title='bbox 1158 351 1291 395; x_wconf 87' lang='lat' dir='ltr'>postea</span> <span class='ocrx_word' id='word_1_34' title='bbox 1314 346 1477 384; x_wconf 87' lang='lat' dir='ltr'>Romam</span> 
     </span>
     <span class='ocr_line' id='line_1_5' title="bbox 77 411 1475 464; baseline 0.003 -16"><span class='ocrx_word' id='word_1_35' title='bbox 77 411 213 448; x_wconf 89' lang='lat' dir='ltr'>missus</span> <span class='ocrx_word' id='word_1_36' title='bbox 243 416 287 449; x_wconf 91' lang='lat' dir='ltr'>ut</span> <span class='ocrx_word' id='word_1_37' title='bbox 307 411 354 449; x_wconf 90' lang='lat' dir='ltr'>de</span> <span class='ocrx_word' id='word_1_38' title='bbox 373 412 639 462; x_wconf 71' lang='lat' dir='ltr'>permutandis</span> <span class='ocrx_word' id='word_1_39' title='bbox 670 413 831 462; x_wconf 87' lang='lat' dir='ltr'>captivis</span> <span class='ocrx_word' id='word_1_40' title='bbox 861 419 1001 464; x_wconf 86' lang='lat' dir='ltr'>ageret,</span> <span class='ocrx_word' id='word_1_41' title='bbox 1024 414 1125 464; x_wconf 86' lang='lat' dir='ltr'>apud</span> <span class='ocrx_word' id='word_1_42' title='bbox 1159 419 1334 452; x_wconf 88' lang='lat' dir='ltr'>senatum</span> <span class='ocrx_word' id='word_1_43' title='bbox 1363 414 1475 461; x_wconf 85' lang='lat' dir='ltr'>dixit,</span> 
     </span>
     <span class='ocr_line' id='line_1_6' title="bbox 77 480 1478 531; baseline 0.002 -14"><span class='ocrx_word' id='word_1_44' title='bbox 77 493 115 517; x_wconf 87' lang='lat' dir='ltr'>se</span> <span class='ocrx_word' id='word_1_45' title='bbox 145 493 193 518; x_wconf 83' lang='lat' dir='ltr'>ex</span> <span class='ocrx_word' id='word_1_46' title='bbox 220 480 286 517; x_wconf 91' lang='lat' dir='ltr'>illa</span> <span class='ocrx_word' id='word_1_47' title='bbox 314 480 375 517; x_wconf 88' lang='lat' dir='ltr'>die</span> <span class='ocrx_word' id='word_1_48' title='bbox 404 494 478 530; x_wconf 87' lang='lat' dir='ltr'>qua</span> <span class='ocrx_word' id='word_1_49' title='bbox 506 481 545 518; x_wconf 94' lang='lat' dir='ltr'>in</span> <span class='ocrx_word' id='word_1_50' title='bbox 565 486 797 531; x_wconf 87' lang='lat' dir='ltr'>potestatem</span> <span class='ocrx_word' id='word_1_51' title='bbox 816 482 1033 520; x_wconf 88' lang='lat' dir='ltr'>Poenorum</span> <span class='ocrx_word' id='word_1_52' title='bbox 1061 483 1239 529; x_wconf 90' lang='lat' dir='ltr'>venisset,</span> <span class='ocrx_word' id='word_1_53' title='bbox 1261 483 1478 520; x_wconf 88' lang='lat' dir='ltr'>Romanum</span> 
     </span>
     <span class='ocr_line' id='line_1_7' title="bbox 78 548 1480 600; baseline 0.003 -15"><span class='ocrx_word' id='word_1_54' title='bbox 78 561 157 586; x_wconf 87' lang='lat' dir='ltr'>esse</span> <span class='ocrx_word' id='word_1_55' title='bbox 181 548 347 586; x_wconf 83' lang='lat' dir='ltr'>desiisse.</span> <span class='ocrx_word' id='word_1_56' title='bbox 406 549 583 586; x_wconf 90' lang='lat' dir='ltr'>Patribus</span> <span class='ocrx_word' id='word_1_57' title='bbox 609 550 725 587; x_wconf 88' lang='lat' dir='ltr'>etiam</span> <span class='ocrx_word' id='word_1_58' title='bbox 746 551 866 588; x_wconf 88' lang='lat' dir='ltr'>suasit</span> <span class='ocrx_word' id='word_1_59' title='bbox 893 564 940 587; x_wconf 90' lang='lat' dir='ltr'>ne</span> <span class='ocrx_word' id='word_1_60' title='bbox 962 564 1038 600; x_wconf 85' lang='lat' dir='ltr'>pax</span> <span class='ocrx_word' id='word_1_61' title='bbox 1067 564 1153 588; x_wconf 89' lang='lat' dir='ltr'>cum</span> <span class='ocrx_word' id='word_1_62' title='bbox 1181 551 1320 588; x_wconf 89' lang='lat' dir='ltr'>Poenis</span> <span class='ocrx_word' id='word_1_63' title='bbox 1349 552 1457 589; x_wconf 91' lang='lat' dir='ltr'>fieret</span> <span class='ocrx_word' id='word_1_64' title='bbox 1470 567 1480 599; x_wconf 81' lang='lat'>3</span> 
     </span>
     <span class='ocr_line' id='line_1_8' title="bbox 77 616 1479 669; baseline 0.004 -17"><span class='ocrx_word' id='word_1_65' title='bbox 77 616 162 653; x_wconf 89' lang='lat' dir='ltr'>illos</span> <span class='ocrx_word' id='word_1_66' title='bbox 193 616 295 653; x_wconf 88' lang='lat' dir='ltr'>enim</span> <span class='ocrx_word' id='word_1_67' title='bbox 325 616 467 654; x_wconf 84' lang='lat' dir='ltr'>fractos</span> <span class='ocrx_word' id='word_1_68' title='bbox 496 622 557 654; x_wconf 91' lang='lat' dir='ltr'>tot</span> <span class='ocrx_word' id='word_1_69' title='bbox 586 618 735 655; x_wconf 81' lang='lat' dir='ltr'>casibus</span> <span class='ocrx_word' id='word_1_70' title='bbox 766 631 871 668; x_wconf 88' lang='lat' dir='ltr'>spem</span> <span class='ocrx_word' id='word_1_71' title='bbox 903 619 1048 656; x_wconf 89' lang='lat' dir='ltr'>nullam</span> <span class='ocrx_word' id='word_1_72' title='bbox 1080 619 1243 666; x_wconf 78' lang='lat' dir='ltr'>habere3</span> <span class='ocrx_word' id='word_1_73' title='bbox 1280 632 1403 669; x_wconf 90' lang='lat' dir='ltr'>neque</span> <span class='ocrx_word' id='word_1_74' title='bbox 1441 633 1479 657; x_wconf 88' lang='lat' dir='ltr'>se</span> 
     </span>
     <span class='ocr_line' id='line_1_9' title="bbox 77 686 1480 737; baseline 0.002 -15"><span class='ocrx_word' id='word_1_75' title='bbox 77 686 176 722; x_wconf 88' lang='lat' dir='ltr'>tanti</span> <span class='ocrx_word' id='word_1_76' title='bbox 197 698 276 723; x_wconf 90' lang='lat' dir='ltr'>esse</span> <span class='ocrx_word' id='word_1_77' title='bbox 296 690 340 722; x_wconf 91' lang='lat' dir='ltr'>ut</span> <span class='ocrx_word' id='word_1_78' title='bbox 358 690 418 723; x_wconf 88' lang='lat' dir='ltr'>tot</span> <span class='ocrx_word' id='word_1_79' title='bbox 436 686 544 724; x_wconf 87' lang='lat' dir='ltr'>milia</span> <span class='ocrx_word' id='word_1_80' title='bbox 563 687 801 736; x_wconf 87' lang='lat' dir='ltr'>captivorum</span> <span class='ocrx_word' id='word_1_81' title='bbox 821 692 979 737; x_wconf 86' lang='lat' dir='ltr'>propter</span> <span class='ocrx_word' id='word_1_82' title='bbox 993 701 1112 725; x_wconf 89' lang='lat' dir='ltr'>unum</span> <span class='ocrx_word' id='word_1_83' title='bbox 1132 701 1261 726; x_wconf 89' lang='lat' dir='ltr'>senem</span> <span class='ocrx_word' id='word_1_84' title='bbox 1277 688 1480 725; x_wconf 87' lang='lat' dir='ltr'>redderen-</span> 
     </span>
     <span class='ocr_line' id='line_1_10' title="bbox 78 754 1480 804; baseline 0.002 -13"><span class='ocrx_word' id='word_1_85' title='bbox 78 760 149 792; x_wconf 87' lang='lat' dir='ltr'>tur.</span> <span class='ocrx_word' id='word_1_86' title='bbox 219 754 329 800; x_wconf 87' lang='lat' dir='ltr'>Eum,</span> <span class='ocrx_word' id='word_1_87' title='bbox 363 760 408 792; x_wconf 91' lang='lat' dir='ltr'>ut</span> <span class='ocrx_word' id='word_1_88' title='bbox 444 756 682 804; x_wconf 87' lang='lat' dir='ltr'>promiserat,</span> <span class='ocrx_word' id='word_1_89' title='bbox 722 756 760 792; x_wconf 91' lang='lat' dir='ltr'>in</span> <span class='ocrx_word' id='word_1_90' title='bbox 798 756 970 794; x_wconf 77' lang='lat' dir='ltr'>Africam</span> <span class='ocrx_word' id='word_1_91' title='bbox 1006 770 1200 794; x_wconf 85' lang='lat' dir='ltr'>reversum</span> <span class='ocrx_word' id='word_1_92' title='bbox 1238 757 1357 794; x_wconf 88' lang='lat' dir='ltr'>Poeni</span> <span class='ocrx_word' id='word_1_93' title='bbox 1395 770 1480 794; x_wconf 91' lang='lat' dir='ltr'>cum</span> 
     </span>
     <span class='ocr_line' id='line_1_11' title="bbox 78 824 670 862; baseline 0.003 -2"><span class='ocrx_word' id='word_1_94' title='bbox 78 824 246 861; x_wconf 88' lang='lat' dir='ltr'>cruciatu</span> <span class='ocrx_word' id='word_1_95' title='bbox 266 825 460 861; x_wconf 85' lang='lat' dir='ltr'>necavisse</span> <span class='ocrx_word' id='word_1_96' title='bbox 481 824 670 862; x_wconf 89' lang='lat' dir='ltr'>dicuntur.</span> 
     </span>
    </p>
   </div>
   <div class='ocr_carea' id='block_1_3' title="bbox 469 955 1089 1002">
    <p class='ocr_par' dir='ltr' id='par_1_3' title="bbox 469 955 1089 1002">
     <span class='ocr_line' id='line_1_12' title="bbox 469 955 1089 1002; baseline 0.003 -12"><span class='ocrx_word' id='word_1_97' title='bbox 469 956 566 990; x_wconf 70' lang='lat' dir='ltr'>Emi</span> <span class='ocrx_word' id='word_1_98' title='bbox 580 955 625 1002; x_wconf 66' lang='lat' dir='ltr'>(ff</span> <span class='ocrx_word' id='word_1_99' title='bbox 635 956 693 991; x_wconf 73' lang='lat' dir='ltr'>the</span> <span class='ocrx_word' id='word_1_100' title='bbox 710 956 819 992; x_wconf 63' lang='lat' dir='ltr'><em>Fir-st</em></span> <span class='ocrx_word' id='word_1_101' title='bbox 837 956 960 992; x_wconf 73' lang='lat' dir='ltr'>Punic</span> <span class='ocrx_word' id='word_1_102' title='bbox 988 957 1089 992; x_wconf 78' lang='lat' dir='ltr'>IVar.</span> 
     </span>
    </p>
   </div>
   <div class='ocr_carea' id='block_1_4' title="bbox 77 1046 1485 1839">
    <p class='ocr_par' dir='ltr' id='par_1_4' title="bbox 77 1046 1485 1839">
     <span class='ocr_line' id='line_1_13' title="bbox 130 1046 1482 1097; baseline 0.001 -14"><span class='ocrx_word' id='word_1_103' title='bbox 130 1046 343 1085; x_wconf 80' lang='lat' dir='ltr'>45.—Diu</span> <span class='ocrx_word' id='word_1_104' title='bbox 372 1059 458 1083; x_wconf 87' lang='lat' dir='ltr'>cum</span> <span class='ocrx_word' id='word_1_105' title='bbox 487 1046 644 1095; x_wconf 85' lang='lat' dir='ltr'>ancipiti</span> <span class='ocrx_word' id='word_1_106' title='bbox 673 1046 799 1084; x_wconf 87' lang='lat' dir='ltr'>Marte</span> <span class='ocrx_word' id='word_1_107' title='bbox 819 1052 1033 1097; x_wconf 84' lang='lat' dir='ltr'>pugnatum</span> <span class='ocrx_word' id='word_1_108' title='bbox 1062 1052 1170 1093; x_wconf 90' lang='lat' dir='ltr'>esset,</span> <span class='ocrx_word' id='word_1_109' title='bbox 1194 1047 1313 1085; x_wconf 88' lang='lat' dir='ltr'>Poeni</span> <span class='ocrx_word' id='word_1_110' title='bbox 1339 1048 1482 1096; x_wconf 88' lang='lat' dir='ltr'>proelio</span> 
     </span>
     <span class='ocr_line' id='line_1_14' title="bbox 78 1114 1481 1164; baseline 0.001 -13"><span class='ocrx_word' id='word_1_111' title='bbox 78 1114 205 1151; x_wconf 83' lang='lat' dir='ltr'>navali</span> <span class='ocrx_word' id='word_1_112' title='bbox 234 1127 372 1164; x_wconf 89' lang='lat' dir='ltr'>magno</span> <span class='ocrx_word' id='word_1_113' title='bbox 401 1128 487 1152; x_wconf 86' lang='lat' dir='ltr'>cum</span> <span class='ocrx_word' id='word_1_114' title='bbox 516 1115 749 1153; x_wconf 85' lang='lat' dir='ltr'>detrimento</span> <span class='ocrx_word' id='word_1_115' title='bbox 778 1116 870 1153; x_wconf 89' lang='lat' dir='ltr'>victi</span> <span class='ocrx_word' id='word_1_116' title='bbox 900 1120 999 1152; x_wconf 90' lang='lat' dir='ltr'>sunt.</span> <span class='ocrx_word' id='word_1_117' title='bbox 1057 1115 1318 1152; x_wconf 87' lang='lat' dir='ltr'>Terrestribus</span> <span class='ocrx_word' id='word_1_118' title='bbox 1351 1128 1481 1153; x_wconf 90' lang='lat' dir='ltr'>eorum</span> 
     </span>
     <span class='ocr_line' id='line_1_15' title="bbox 77 1183 1482 1233; baseline 0 -13"><span class='ocrx_word' id='word_1_119' title='bbox 77 1183 194 1233; x_wconf 85' lang='lat' dir='ltr'>copiis</span> <span class='ocrx_word' id='word_1_120' title='bbox 214 1188 298 1220; x_wconf 89' lang='lat' dir='ltr'>tum</span> <span class='ocrx_word' id='word_1_121' title='bbox 317 1187 492 1232; x_wconf 72' lang='lat' dir='ltr'>praeerat</span> <span class='ocrx_word' id='word_1_122' title='bbox 512 1183 721 1230; x_wconf 81' lang='lat' dir='ltr'>Hamilcar,</span> <span class='ocrx_word' id='word_1_123' title='bbox 741 1184 801 1221; x_wconf 86' lang='lat' dir='ltr'>vir</span> <span class='ocrx_word' id='word_1_124' title='bbox 820 1184 1061 1230; x_wconf 85' lang='lat' dir='ltr'>clarissimus,</span> <span class='ocrx_word' id='word_1_125' title='bbox 1082 1183 1185 1220; x_wconf 86' lang='lat' dir='ltr'>idem</span> <span class='ocrx_word' id='word_1_126' title='bbox 1206 1184 1298 1221; x_wconf 82' lang='lat' dir='ltr'>artis</span> <span class='ocrx_word' id='word_1_127' title='bbox 1325 1184 1482 1221; x_wconf 85' lang='lat' dir='ltr'>bellicae</span> 
     </span>
     <span class='ocr_line' id='line_1_16' title="bbox 79 1252 1483 1301; baseline 0 -12"><span class='ocrx_word' id='word_1_128' title='bbox 79 1252 340 1301; x_wconf 86' lang='lat' dir='ltr'>peritissimus.</span> <span class='ocrx_word' id='word_1_129' title='bbox 411 1252 450 1289; x_wconf 92' lang='lat' dir='ltr'>Is</span> <span class='ocrx_word' id='word_1_130' title='bbox 486 1252 626 1289; x_wconf 90' lang='lat' dir='ltr'>Poenis</span> <span class='ocrx_word' id='word_1_131' title='bbox 664 1253 792 1301; x_wconf 88' lang='lat' dir='ltr'>quiete</span> <span class='ocrx_word' id='word_1_132' title='bbox 829 1265 925 1301; x_wconf 88' lang='lat' dir='ltr'>opus</span> <span class='ocrx_word' id='word_1_133' title='bbox 962 1265 1043 1289; x_wconf 88' lang='lat' dir='ltr'>esse</span> <span class='ocrx_word' id='word_1_134' title='bbox 1080 1258 1186 1289; x_wconf 87' lang='lat' dir='ltr'>ratus</span> <span class='ocrx_word' id='word_1_135' title='bbox 1224 1265 1298 1301; x_wconf 89' lang='lat' dir='ltr'>quo</span> <span class='ocrx_word' id='word_1_136' title='bbox 1335 1252 1483 1289; x_wconf 87' lang='lat' dir='ltr'>facilius</span> 
     </span>
     <span class='ocr_line' id='line_1_17' title="bbox 79 1321 1482 1370; baseline 0 -13"><span class='ocrx_word' id='word_1_137' title='bbox 79 1322 208 1370; x_wconf 82' lang='lat' dir='ltr'>copiae</span> <span class='ocrx_word' id='word_1_138' title='bbox 237 1321 567 1359; x_wconf 80' lang='lat' dir='ltr'>conscriberentur</span> <span class='ocrx_word' id='word_1_139' title='bbox 594 1321 732 1370; x_wconf 85' lang='lat' dir='ltr'>quibus</span> <span class='ocrx_word' id='word_1_140' title='bbox 761 1321 955 1358; x_wconf 88' lang='lat' dir='ltr'>Romanos</span> <span class='ocrx_word' id='word_1_141' title='bbox 984 1326 1086 1358; x_wconf 84' lang='lat' dir='ltr'>terra</span> <span class='ocrx_word' id='word_1_142' title='bbox 1115 1321 1368 1367; x_wconf 86' lang='lat' dir='ltr'>adorirentur,</span> <span class='ocrx_word' id='word_1_143' title='bbox 1398 1334 1482 1358; x_wconf 88' lang='lat' dir='ltr'>cum</span> 
     </span>
     <span class='ocr_line' id='line_1_18' title="bbox 80 1389 1483 1439; baseline 0 -13"><span class='ocrx_word' id='word_1_144' title='bbox 80 1390 174 1426; x_wconf 85' lang='lat' dir='ltr'>mari</span> <span class='ocrx_word' id='word_1_145' title='bbox 194 1389 402 1439; x_wconf 84' lang='lat' dir='ltr'>plurimum</span> <span class='ocrx_word' id='word_1_146' title='bbox 420 1396 589 1439; x_wconf 83' lang='lat' dir='ltr'>possent,</span> <span class='ocrx_word' id='word_1_147' title='bbox 610 1390 756 1427; x_wconf 86' lang='lat' dir='ltr'>civibus</span> <span class='ocrx_word' id='word_1_148' title='bbox 785 1390 905 1427; x_wconf 88' lang='lat' dir='ltr'>suasit</span> <span class='ocrx_word' id='word_1_149' title='bbox 924 1395 968 1427; x_wconf 92' lang='lat' dir='ltr'>ut</span> <span class='ocrx_word' id='word_1_150' title='bbox 987 1403 1119 1438; x_wconf 86' lang='lat' dir='ltr'>pacem</span> <span class='ocrx_word' id='word_1_151' title='bbox 1142 1395 1326 1438; x_wconf 85' lang='lat' dir='ltr'>peterent.</span> <span class='ocrx_word' id='word_1_152' title='bbox 1385 1389 1483 1427; x_wconf 86' lang='lat' dir='ltr'>Cum</span> 
     </span>
     <span class='ocr_line' id='line_1_19' title="bbox 81 1458 1484 1508; baseline 0 -13"><span class='ocrx_word' id='word_1_153' title='bbox 81 1463 119 1495; x_wconf 92' lang='lat' dir='ltr'>et</span> <span class='ocrx_word' id='word_1_154' title='bbox 139 1458 333 1496; x_wconf 87' lang='lat' dir='ltr'>Romanos</span> <span class='ocrx_word' id='word_1_155' title='bbox 354 1459 444 1496; x_wconf 90' lang='lat' dir='ltr'>belli</span> <span class='ocrx_word' id='word_1_156' title='bbox 458 1459 631 1496; x_wconf 81' lang='lat' dir='ltr'>taederet</span> <span class='ocrx_word' id='word_1_157' title='bbox 645 1472 776 1508; x_wconf 85' lang='lat' dir='ltr'>pacem</span> <span class='ocrx_word' id='word_1_158' title='bbox 796 1459 1101 1508; x_wconf 85' lang='lat' dir='ltr'>impetraverunt</span> <span class='ocrx_word' id='word_1_159' title='bbox 1120 1459 1165 1496; x_wconf 89' lang='lat' dir='ltr'>iis</span> <span class='ocrx_word' id='word_1_160' title='bbox 1186 1459 1484 1504; x_wconf 81' lang='lat' dir='ltr'>condicionibus,</span> 
     </span>
     <span class='ocr_line' id='line_1_20' title="bbox 80 1526 1482 1577; baseline 0 -14"><span class='ocrx_word' id='word_1_161' title='bbox 80 1532 124 1564; x_wconf 89' lang='lat' dir='ltr'>ut</span> <span class='ocrx_word' id='word_1_162' title='bbox 142 1527 308 1564; x_wconf 85' lang='lat' dir='ltr'>multum</span> <span class='ocrx_word' id='word_1_163' title='bbox 326 1528 508 1576; x_wconf 86' lang='lat' dir='ltr'>pecuniae</span> <span class='ocrx_word' id='word_1_164' title='bbox 525 1528 708 1565; x_wconf 85' lang='lat' dir='ltr'>Romanis</span> <span class='ocrx_word' id='word_1_165' title='bbox 723 1527 936 1577; x_wconf 88' lang='lat' dir='ltr'>penderent</span> <span class='ocrx_word' id='word_1_166' title='bbox 952 1526 1196 1576; x_wconf 83' lang='lat' dir='ltr'>Siciliamque</span> <span class='ocrx_word' id='word_1_167' title='bbox 1211 1527 1482 1575; x_wconf 87' lang='lat' dir='ltr'>relinquerent.</span> 
     </span>
     <span class='ocr_line' id='line_1_21' title="bbox 82 1595 1485 1645; baseline -0.001 -12"><span class='ocrx_word' id='word_1_168' title='bbox 82 1595 216 1645; x_wconf 82' lang='lat' dir='ltr'>Neque</span> <span class='ocrx_word' id='word_1_169' title='bbox 236 1600 365 1633; x_wconf 82' lang='lat' dir='ltr'>tamen</span> <span class='ocrx_word' id='word_1_170' title='bbox 381 1596 574 1633; x_wconf 88' lang='lat' dir='ltr'>Romanos</span> <span class='ocrx_word' id='word_1_171' title='bbox 595 1609 718 1645; x_wconf 88' lang='lat' dir='ltr'>neque</span> <span class='ocrx_word' id='word_1_172' title='bbox 738 1595 888 1633; x_wconf 90' lang='lat' dir='ltr'>Poenos</span> <span class='ocrx_word' id='word_1_173' title='bbox 906 1595 1044 1633; x_wconf 84' lang='lat' dir='ltr'>fefellit</span> <span class='ocrx_word' id='word_1_174' title='bbox 1063 1595 1144 1633; x_wconf 81' lang='lat' dir='ltr'>fore</span> <span class='ocrx_word' id='word_1_175' title='bbox 1164 1600 1207 1632; x_wconf 90' lang='lat' dir='ltr'>ut</span> <span class='ocrx_word' id='word_1_176' title='bbox 1223 1595 1361 1632; x_wconf 86' lang='lat' dir='ltr'>iterum</span> <span class='ocrx_word' id='word_1_177' title='bbox 1377 1595 1485 1632; x_wconf 90' lang='lat' dir='ltr'>dimi-</span> 
     </span>
     <span class='ocr_line' id='line_1_22' title="bbox 81 1664 1484 1713; baseline 0.001 -13"><span class='ocrx_word' id='word_1_178' title='bbox 81 1664 245 1701; x_wconf 86' lang='lat' dir='ltr'>candum</span> <span class='ocrx_word' id='word_1_179' title='bbox 282 1669 403 1711; x_wconf 66' lang='lat' dir='ltr'>esset,</span> <span class='ocrx_word' id='word_1_180' title='bbox 450 1665 705 1702; x_wconf 87' lang='lat' dir='ltr'>crescentibus</span> <span class='ocrx_word' id='word_1_181' title='bbox 743 1665 845 1702; x_wconf 82' lang='lat' dir='ltr'>enim</span> <span class='ocrx_word' id='word_1_182' title='bbox 891 1665 1089 1713; x_wconf 86' lang='lat' dir='ltr'>utriusque</span> <span class='ocrx_word' id='word_1_183' title='bbox 1136 1664 1302 1701; x_wconf 79' lang='lat' dir='ltr'>civitatis</span> <span class='ocrx_word' id='word_1_184' title='bbox 1348 1664 1484 1713; x_wconf 88' lang='lat' dir='ltr'>opibus</span> 
     </span>
     <span class='ocr_line' id='line_1_23' title="bbox 82 1732 1485 1782; baseline -0.001 -13"><span class='ocrx_word' id='word_1_185' title='bbox 82 1733 287 1782; x_wconf 87' lang='lat' dir='ltr'>copiisque,</span> <span class='ocrx_word' id='word_1_186' title='bbox 317 1733 437 1771; x_wconf 84' lang='lat' dir='ltr'>altera</span> <span class='ocrx_word' id='word_1_187' title='bbox 465 1733 577 1771; x_wconf 87' lang='lat' dir='ltr'>alteri</span> <span class='ocrx_word' id='word_1_188' title='bbox 604 1734 778 1770; x_wconf 85' lang='lat' dir='ltr'>nocitura</span> <span class='ocrx_word' id='word_1_189' title='bbox 797 1738 890 1778; x_wconf 82' lang='lat' dir='ltr'>erat,</span> <span class='ocrx_word' id='word_1_190' title='bbox 911 1745 1035 1782; x_wconf 89' lang='lat' dir='ltr'>neque</span> <span class='ocrx_word' id='word_1_191' title='bbox 1055 1732 1135 1769; x_wconf 90' lang='lat' dir='ltr'>fieri</span> <span class='ocrx_word' id='word_1_192' title='bbox 1155 1737 1305 1781; x_wconf 87' lang='lat' dir='ltr'>poterat</span> <span class='ocrx_word' id='word_1_193' title='bbox 1325 1736 1369 1769; x_wconf 92' lang='lat' dir='ltr'>ut</span> <span class='ocrx_word' id='word_1_194' title='bbox 1384 1732 1485 1769; x_wconf 89' lang='lat' dir='ltr'>orbis</span> 
     </span>
     <span class='ocr_line' id='line_1_24' title="bbox 83 1802 690 1839; baseline 0.002 -1"><span class='ocrx_word' id='word_1_195' title='bbox 83 1806 271 1839; x_wconf 87' lang='lat' dir='ltr'>terrarum</span> <span class='ocrx_word' id='word_1_196' title='bbox 291 1802 475 1839; x_wconf 86' lang='lat' dir='ltr'>ambabus</span> <span class='ocrx_word' id='word_1_197' title='bbox 495 1802 690 1839; x_wconf 88' lang='lat' dir='ltr'>sufficeret.</span> 
     </span>
    </p>
   </div>
   <div class='ocr_carea' id='block_1_5' title="bbox 482 1934 1090 1982">
    <p class='ocr_par' dir='ltr' id='par_1_5' title="bbox 482 1934 1090 1982">
     <span class='ocr_line' id='line_1_25' title="bbox 482 1934 1090 1982; baseline 0 -12"><span class='ocrx_word' id='word_1_198' title='bbox 482 1936 558 1971; x_wconf 72' lang='lat' dir='ltr'>The</span> <span class='ocrx_word' id='word_1_199' title='bbox 579 1936 881 1982; x_wconf 75' lang='lat' dir='ltr'>Carthagim&#39;ans</span> <span class='ocrx_word' id='word_1_200' title='bbox 900 1935 938 1970; x_wconf 82' lang='lat' dir='ltr'>in</span> <span class='ocrx_word' id='word_1_201' title='bbox 960 1934 1090 1982; x_wconf 73' lang='lat' dir='ltr'>Spain.</span> 
     </span>
    </p>
   </div>
   <div class='ocr_carea' id='block_1_6' title="bbox 84 2024 1490 2416">
    <p class='ocr_par' dir='ltr' id='par_1_6' title="bbox 84 2024 1490 2416">
     <span class='ocr_line' id='line_1_26' title="bbox 136 2024 1485 2076; baseline -0.003 -12"><span class='ocrx_word' id='word_1_202' title='bbox 136 2026 353 2066; x_wconf 79' lang='lat' dir='ltr'>46.-Iam</span> <span class='ocrx_word' id='word_1_203' title='bbox 387 2040 501 2076; x_wconf 89' lang='lat' dir='ltr'>supra</span> <span class='ocrx_word' id='word_1_204' title='bbox 533 2027 881 2064; x_wconf 87' lang='lat' dir='ltr'>demonstravimus</span> <span class='ocrx_word' id='word_1_205' title='bbox 899 2025 999 2063; x_wconf 85' lang='lat' dir='ltr'>bello</span> <span class='ocrx_word' id='word_1_206' title='bbox 1029 2026 1143 2062; x_wconf 91' lang='lat' dir='ltr'>finem</span> <span class='ocrx_word' id='word_1_207' title='bbox 1164 2024 1387 2073; x_wconf 89' lang='lat' dir='ltr'>impositum</span> <span class='ocrx_word' id='word_1_208' title='bbox 1406 2037 1485 2061; x_wconf 89' lang='lat' dir='ltr'>esse</span> 
     </span>
     <span class='ocr_line' id='line_1_27' title="bbox 84 2092 1485 2144; baseline -0.001 -14"><span class='ocrx_word' id='word_1_209' title='bbox 84 2094 187 2143; x_wconf 83' lang='lat' dir='ltr'>quod</span> <span class='ocrx_word' id='word_1_210' title='bbox 216 2100 417 2144; x_wconf 86' lang='lat' dir='ltr'>utramque</span> <span class='ocrx_word' id='word_1_211' title='bbox 445 2100 599 2144; x_wconf 80' lang='lat' dir='ltr'>gentem</span> <span class='ocrx_word' id='word_1_212' title='bbox 627 2095 717 2132; x_wconf 87' lang='lat' dir='ltr'>belli</span> <span class='ocrx_word' id='word_1_213' title='bbox 745 2094 969 2144; x_wconf 89' lang='lat' dir='ltr'>poeniteret,</span> <span class='ocrx_word' id='word_1_214' title='bbox 992 2098 1031 2131; x_wconf 90' lang='lat' dir='ltr'>et</span> <span class='ocrx_word' id='word_1_215' title='bbox 1059 2093 1256 2130; x_wconf 86' lang='lat' dir='ltr'>Hamilcar</span> <span class='ocrx_word' id='word_1_216' title='bbox 1275 2092 1485 2129; x_wconf 84' lang='lat' dir='ltr'>exercitum</span> 
     </span>
     <span class='ocr_line' id='line_1_28' title="bbox 85 2161 1486 2211; baseline -0.001 -12"><span class='ocrx_word' id='word_1_217' title='bbox 85 2163 201 2200; x_wconf 90' lang='lat' dir='ltr'>vellet</span> <span class='ocrx_word' id='word_1_218' title='bbox 229 2164 476 2202; x_wconf 89' lang='lat' dir='ltr'>conscribere.</span> <span class='ocrx_word' id='word_1_219' title='bbox 533 2163 636 2201; x_wconf 87' lang='lat' dir='ltr'>Nam</span> <span class='ocrx_word' id='word_1_220' title='bbox 656 2163 801 2200; x_wconf 90' lang='lat' dir='ltr'>civibus</span> <span class='ocrx_word' id='word_1_221' title='bbox 821 2162 1010 2211; x_wconf 88' lang='lat' dir='ltr'>persuasit</span> <span class='ocrx_word' id='word_1_222' title='bbox 1032 2166 1075 2198; x_wconf 90' lang='lat' dir='ltr'>ut</span> <span class='ocrx_word' id='word_1_223' title='bbox 1094 2161 1133 2198; x_wconf 88' lang='lat' dir='ltr'>in</span> <span class='ocrx_word' id='word_1_224' title='bbox 1154 2161 1381 2210; x_wconf 83' lang='lat' dir='ltr'>Hispaniam</span> <span class='ocrx_word' id='word_1_225' title='bbox 1400 2173 1486 2197; x_wconf 87' lang='lat' dir='ltr'>cum</span> 
     </span>
     <span class='ocr_line' id='line_1_29' title="bbox 86 2228 1486 2277; baseline -0.002 -10"><span class='ocrx_word' id='word_1_226' title='bbox 86 2231 256 2268; x_wconf 82' lang='lat' dir='ltr'>exercitu</span> <span class='ocrx_word' id='word_1_227' title='bbox 297 2236 430 2269; x_wconf 85' lang='lat' dir='ltr'>contra</span> <span class='ocrx_word' id='word_1_228' title='bbox 475 2232 658 2269; x_wconf 89' lang='lat' dir='ltr'>barbaros</span> <span class='ocrx_word' id='word_1_229' title='bbox 703 2231 934 2276; x_wconf 84' lang='lat' dir='ltr'>mitteretur,</span> <span class='ocrx_word' id='word_1_230' title='bbox 972 2230 1026 2266; x_wconf 83' lang='lat' dir='ltr'>ita</span> <span class='ocrx_word' id='word_1_231' title='bbox 1070 2229 1184 2266; x_wconf 86' lang='lat' dir='ltr'>modo</span> <span class='ocrx_word' id='word_1_232' title='bbox 1231 2228 1331 2265; x_wconf 89' lang='lat' dir='ltr'>vinci</span> <span class='ocrx_word' id='word_1_233' title='bbox 1376 2241 1486 2277; x_wconf 90' lang='lat' dir='ltr'>posse</span> 
     </span>
     <span class='ocr_line' id='line_1_30' title="bbox 86 2296 1485 2348; baseline -0.003 -12"><span class='ocrx_word' id='word_1_234' title='bbox 86 2300 281 2337; x_wconf 83' lang='lat' dir='ltr'>Romanos</span> <span class='ocrx_word' id='word_1_235' title='bbox 309 2305 415 2337; x_wconf 86' lang='lat' dir='ltr'>ratus</span> <span class='ocrx_word' id='word_1_236' title='bbox 444 2300 475 2336; x_wconf 92' lang='lat' dir='ltr'>si</span> <span class='ocrx_word' id='word_1_237' title='bbox 508 2300 627 2337; x_wconf 91' lang='lat' dir='ltr'>Poeni</span> <span class='ocrx_word' id='word_1_238' title='bbox 656 2300 702 2336; x_wconf 89' lang='lat' dir='ltr'>iis</span> <span class='ocrx_word' id='word_1_239' title='bbox 730 2299 932 2348; x_wconf 84' lang='lat' dir='ltr'>disciplina</span> <span class='ocrx_word' id='word_1_240' title='bbox 959 2298 1117 2335; x_wconf 80' lang='lat' dir='ltr'>militari</span> <span class='ocrx_word' id='word_1_241' title='bbox 1143 2296 1426 2342; x_wconf 86' lang='lat' dir='ltr'>antecellerent,</span> <span class='ocrx_word' id='word_1_242' title='bbox 1448 2296 1485 2333; x_wconf 93' lang='lat' dir='ltr'>id</span> 
     </span>
     <span class='ocr_line' id='line_1_31' title="bbox 87 2365 1490 2416; baseline -0.002 -13"><span class='ocrx_word' id='word_1_243' title='bbox 87 2367 189 2416; x_wconf 83' lang='lat' dir='ltr'>quod</span> <span class='ocrx_word' id='word_1_244' title='bbox 219 2381 288 2404; x_wconf 89' lang='lat' dir='ltr'>usu</span> <span class='ocrx_word' id='word_1_245' title='bbox 318 2368 412 2404; x_wconf 87' lang='lat' dir='ltr'>effici</span> <span class='ocrx_word' id='word_1_246' title='bbox 432 2381 540 2416; x_wconf 85' lang='lat' dir='ltr'>posse</span> <span class='ocrx_word' id='word_1_247' title='bbox 562 2367 738 2416; x_wconf 84' lang='lat' dir='ltr'>speravit.</span> <span class='ocrx_word' id='word_1_248' title='bbox 798 2367 896 2404; x_wconf 86' lang='lat' dir='ltr'>Cum</span> <span class='ocrx_word' id='word_1_249' title='bbox 924 2367 1000 2403; x_wconf 87' lang='lat' dir='ltr'>iam</span> <span class='ocrx_word' id='word_1_250' title='bbox 1029 2366 1067 2402; x_wconf 89' lang='lat' dir='ltr'>in</span> <span class='ocrx_word' id='word_1_251' title='bbox 1088 2379 1131 2403; x_wconf 91' lang='lat' dir='ltr'>eo</span> <span class='ocrx_word' id='word_1_252' title='bbox 1158 2369 1239 2402; x_wconf 78' lang='lat' dir='ltr'>erat</span> <span class='ocrx_word' id='word_1_253' title='bbox 1259 2369 1302 2401; x_wconf 89' lang='lat' dir='ltr'>ut</span> <span class='ocrx_word' id='word_1_254' title='bbox 1326 2365 1490 2413; x_wconf 86' lang='lat' dir='ltr'>proficis-</span> 
     </span>
    </p>
   </div>
  </div>
 </body>
</html>
