1559 2463
90 57 160 103 136
295 54 531 93 SECOND
558 54 750 92 LATJN
768 55 1046 94 READJNG
1073 56 1243 95 BOOK.
1286 54 1407 107 [PART
1426 67 1483 95 111.

87 162 301 200 custodiam
332 162 505 209 credidit,
539 162 675 201 Persas
712 162 907 211 satellites,
942 163 1078 201 Persas
1115 164 1351 213 apparitores
1382 165 1483 203 fecit.

88 230 162 267 Per
181 243 275 279 quos
296 244 382 269 cum
401 235 573 269 auctores
593 231 791 269 seditionis
811 232 930 269 vincti
953 232 1002 269 ad
1031 233 1215 282 supplicia
1232 233 1487 280 traherentur,

88 311 208 336 unum
228 312 276 337 ex
295 299 341 336 iis
360 299 589 337 auctoritate
618 303 657 337 et
684 304 809 337 aetate
837 313 993 350 gravem
1021 300 1069 338 ad
1097 313 1226 350 regem
1244 301 1299 339 ita
1317 301 1488 339 locutum

86 367 241 406 ferunt:
275 367 493 418 Quousque,
530 368 667 418 inquit,
706 369 833 406 animo
870 373 937 406 tuo
974 369 1090 407 etiam
1121 383 1189 419 per
1221 370 1415 419 supplicia,
1450 375 1489 408 et

88 435 244 485 quidem
272 424 422 474 enterni
450 437 577 483 moris,
607 437 854 486 obsequeris2
900 437 1047 474 Milites
1066 437 1134 484 tui,
1157 438 1257 476 cives
1276 439 1344 485 tui,
1365 452 1488 488 neque

88 509 231 542 certam
244 505 292 543 ob
308 518 491 552 caussam,
505 505 665 555 captivis
680 506 758 543 suis
773 505 1012 552 ducentibus,
1029 506 1236 544 trahuntur
1250 507 1298 544 ad
1313 520 1484 557 poenam.

88 573 130 611 Si
144 577 308 611 mortem
323 574 506 612 meruisse
521 574 677 621 iudicas,
694 574 829 612 saltem
843 575 1039 612 ministros
1054 575 1228 624 supplicii
1244 580 1361 614 muta.
1403 577 1488 614 Rex

89 646 218 680 autem
245 655 330 680 reos
357 643 478 693 mergi
506 643 546 680 111
575 656 736 690 amnem,
759 643 858 681 sicut
876 644 996 682 vincti
1020 649 1140 691 erant,
1161 645 1282 683 iussit.
1338 645 1398 682 Ne
1416 645 1488 682 hoc

88 710 245 760 quidem
264 711 494 761 supplicium
522 711 751 750 seditionem
779 712 947 750 militum.
974 713 1107 760 movit,
1129 713 1195 763 qui
1223 726 1261 752 se
1289 713 1489 763 quodlibet

89 779 319 829 supplicium
338 779 436 818 ferre
455 779 554 818 velle
573 780 863 830 profitebantur.

635 920 935 957 Reconciliatzbn.

141 999 475 1041 279.—Tandem
493 1014 583 1051 prae
602 1001 733 1040 dolore
753 1002 820 1040 vix
838 1002 979 1040 mentis
1005 1005 1198 1052 compotes
1216 1002 1385 1040 universi
1405 1015 1489 1041 con-

87 1074 246 1108 currunt
264 1069 313 1108 ad
332 1069 476 1119 regiam
496 1070 687 1120 armisque
707 1074 795 1108 ante
811 1070 912 1108 fores
926 1070 1115 1120 proiectis,
1134 1071 1295 1109 tunicati
1307 1076 1486 1119 astantes,

87 1139 191 1176 nuda
210 1142 249 1176 et
268 1138 435 1176 obnoxia
462 1139 594 1188 poenis
623 1151 780 1188 corpora
806 1139 1051 1188 praebebant.
1109 1139 1225 1189 Regis
1253 1139 1488 1177 iracundiam

87 1208 160 1245 sibi
178 1211 301 1245 morte
321 1207 531 1244 tristiorem
551 1219 632 1244 esse
652 1207 779 1244 effusis
799 1207 965 1245 lacrimis
993 1207 1158 1246 aiebant.
1214 1207 1387 1257 Cumque
1407 1208 1488 1246 dies

87 1280 294 1325 noctesque
322 1279 411 1313 ante
439 1275 673 1325 praetorium
710 1280 922 1323 manerent,
952 1276 1113 1314 biduum
1140 1281 1270 1314 tamen
1307 1277 1488 1315 adversus

86 1343 322 1381 humillimas
367 1356 522 1381 suorum
558 1356 689 1392 preces
731 1343 929 1381 iracundia
974 1344 1073 1393 regis
1119 1344 1285 1382 duravit.
1358 1345 1488 1382 Tertio

86 1412 244 1449 tandem
272 1411 334 1449 die
362 1412 487 1449 victus
515 1412 732 1449 constantia
764 1412 978 1462 supplicum
1010 1413 1206 1462 processit,
1240 1413 1487 1463 incusataque

86 1481 224 1519 leniter
241 1481 430 1519 exercitus
449 1481 704 1529 immodestia,
735 1494 812 1519 non
832 1481 913 1519 sine
940 1481 1072 1519 multis
1101 1482 1293 1531 utrimque
1312 1482 1486 1529 lacrimis,

87 1550 126 1587 in
145 1550 309 1599 gratiam
329 1562 368 1587 se
389 1563 474 1587 eum
502 1549 548 1587 iis
574 1549 698 1587 redire
726 1549 920 1599 professus
949 1554 1018 1587 est.
1074 1550 1172 1587 Tum
1200 1550 1348 1599 magnis
1368 1550 1488 1599 epulis

86 1617 126 1654 in
146 1617 331 1655 honorem
356 1617 527 1655 Deorum
546 1616 742 1663 adhibitis,
763 1621 958 1654 maturata
985 1621 1043 1654 est
1061 1617 1201 1664 missio,
1224 1622 1263 1655 et
1281 1618 1489 1655 infirmissi-

87 1699 171 1723 mus
184 1686 343 1735 quisque
359 1686 607 1723 exauctorati.
655 1685 878 1723 Amicorum
893 1699 1043 1735 quoque
1056 1685 1247 1723 seniorum
1260 1686 1488 1735 quibusdam

88 1759 344 1792 commeatum
372 1754 493 1793 dedit.
547 1754 793 1792 Abeuntibus
825 1767 903 1792 non
935 1754 1049 1792 modo
1079 1754 1276 1803 praeteriti
1305 1754 1487 1804 temporis

87 1822 280 1872 stipendia
308 1835 393 1860 cum
421 1822 495 1859 fide
524 1822 718 1872 persolvit,
740 1835 875 1860 verum
902 1822 1019 1861 etiam
1046 1822 1236 1860 talentum
1260 1822 1300 1860 in
1320 1822 1487 1873 singulos

87 1891 229 1928 milites
244 1891 374 1928 viatici
393 1891 548 1929 nomine
568 1891 720 1929 adiecit.

554 2026 682 2062 Deatlz
700 2025 744 2073 os
755 2025 1012 2073 Hephaestzhn.

140 2107 464 2148 280.—Relictis
485 2108 600 2155 Susis,
618 2112 847 2158 perventum
862 2108 1000 2146 deinde
1020 2111 1077 2145 est
1091 2107 1131 2145 in
1151 2107 1302 2146 Mediae
1323 2119 1484 2157 campos,

86 2177 152 2214 ubi
188 2189 256 2226 per
292 2176 373 2214 dies
410 2176 570 2226 triginta
606 2177 780 2215 substitit
810 2190 888 2214 rex.
960 2176 1142 2226 Septimis
1178 2176 1317 2214 deinde
1355 2176 1485 2214 castris

85 2245 290 2292 Ecbatana,
312 2244 464 2282 Mediae
484 2249 607 2295 caput,
629 2245 769 2295 attigit.
828 2245 889 2282 Ibi
903 2244 1090 2282 sollennia
1105 2244 1178 2282 diis
1193 2243 1375 2282 sacrificia
1394 2243 1484 2281 fecit

84 2313 271 2363 ludosque
291 2313 414 2352 edidit
432 2317 476 2351 ut
494 2313 681 2352 fessorum
708 2313 877 2351 militum
904 2317 1138 2351 recrearetur
1164 2312 1324 2351 animus,
1379 2311 1483 2350 Dum
