<?xml version="1.0" encoding="UTF-8"?>
<!DOCTYPE html PUBLIC "-//W3C//DTD XHTML 1.0 Transitional//EN"
    "http://www.w3.org/TR/xhtml1/DTD/xhtml1-transitional.dtd">
<html xmlns="http://www.w3.org/1999/xhtml" xml:lang="en" lang="en">
 <head>
  <title>
</title>
<meta http-equiv="Content-Type" content="text/html;charset=utf-8" />
  <meta name='ocr-system' content='tesseract 3.04.00' />
  <meta name='ocr-capabilities' content='ocr_page ocr_carea ocr_par ocr_line ocrx_word'/>
</head>
<body>
  <div class='ocr_page' id='page_1' title='image "./secondlatinreadi00benn_0048.png"; bbox 0 0 1559 2463; ppageno 0'>
   <div class='ocr_carea' id='block_1_1' title="bbox 103 84 1497 136">
    <p class='ocr_par' dir='ltr' id='par_1_1' title="bbox 103 84 1497 136">
     <span class='ocr_line' id='line_1_1' title="bbox 103 84 1497 136; baseline 0.001 -15"><span class='ocrx_word' id='word_1_1' title='bbox 103 99 152 132; x_wconf 85' lang='lat'>30</span> <span class='ocrx_word' id='word_1_2' title='bbox 329 87 563 123; x_wconf 84' lang='lat' dir='ltr'><em>SECOND</em></span> <span class='ocrx_word' id='word_1_3' title='bbox 592 87 782 122; x_wconf 76' lang='lat' dir='ltr'><em>LATJN</em></span> <span class='ocrx_word' id='word_1_4' title='bbox 801 86 1080 124; x_wconf 81' lang='lat' dir='ltr'><em>READJNG</em></span> <span class='ocrx_word' id='word_1_5' title='bbox 1109 87 1274 124; x_wconf 74' lang='lat' dir='ltr'><em>BOOK.</em></span> <span class='ocrx_word' id='word_1_6' title='bbox 1333 84 1454 136; x_wconf 84' lang='lat' dir='ltr'>[PART</span> <span class='ocrx_word' id='word_1_7' title='bbox 1475 97 1497 122; x_wconf 88' lang='lat'>1.</span> 
     </span>
    </p>
   </div>
   <div class='ocr_carea' id='block_1_2' title="bbox 102 196 1505 451">
    <p class='ocr_par' dir='ltr' id='par_1_2' title="bbox 102 196 1505 451">
     <span class='ocr_line' id='line_1_2' title="bbox 103 196 1501 246; baseline 0.001 -13"><span class='ocrx_word' id='word_1_8' title='bbox 103 197 334 235; x_wconf 84' lang='lat' dir='ltr'>Graecorum</span> <span class='ocrx_word' id='word_1_9' title='bbox 355 196 403 234; x_wconf 86' lang='lat' dir='ltr'>ad</span> <span class='ocrx_word' id='word_1_10' title='bbox 423 196 698 234; x_wconf 88' lang='lat' dir='ltr'>effeminandos</span> <span class='ocrx_word' id='word_1_11' title='bbox 726 196 925 234; x_wconf 90' lang='lat' dir='ltr'>hominum</span> <span class='ocrx_word' id='word_1_12' title='bbox 944 197 1090 234; x_wconf 89' lang='lat' dir='ltr'>animos</span> <span class='ocrx_word' id='word_1_13' title='bbox 1110 196 1267 235; x_wconf 90' lang='lat' dir='ltr'>tendere</span> <span class='ocrx_word' id='word_1_14' title='bbox 1286 201 1501 246; x_wconf 89' lang='lat' dir='ltr'>coeperunt,</span> 
     </span>
     <span class='ocr_line' id='line_1_3' title="bbox 102 264 1503 314; baseline 0.001 -13"><span class='ocrx_word' id='word_1_15' title='bbox 102 277 187 301; x_wconf 90' lang='lat' dir='ltr'>cum</span> <span class='ocrx_word' id='word_1_16' title='bbox 207 277 318 301; x_wconf 89' lang='lat' dir='ltr'>suum</span> <span class='ocrx_word' id='word_1_17' title='bbox 338 264 497 314; x_wconf 89' lang='lat' dir='ltr'>quisque</span> <span class='ocrx_word' id='word_1_18' title='bbox 514 264 756 302; x_wconf 88' lang='lat' dir='ltr'>commodum</span> <span class='ocrx_word' id='word_1_19' title='bbox 775 264 970 314; x_wconf 87' lang='lat' dir='ltr'>otiumque</span> <span class='ocrx_word' id='word_1_20' title='bbox 986 269 1130 314; x_wconf 87' lang='lat' dir='ltr'>petens,</span> <span class='ocrx_word' id='word_1_21' title='bbox 1148 264 1196 302; x_wconf 91' lang='lat' dir='ltr'>ad</span> <span class='ocrx_word' id='word_1_22' title='bbox 1215 264 1503 303; x_wconf 73' lang='lat' dir='ltr'>detrectandam</span> 
     </span>
     <span class='ocr_line' id='line_1_4' title="bbox 102 332 1505 383; baseline 0.001 -14"><span class='ocrx_word' id='word_1_23' title='bbox 102 332 278 369; x_wconf 88' lang='lat' dir='ltr'>militiam</span> <span class='ocrx_word' id='word_1_24' title='bbox 307 332 462 382; x_wconf 88' lang='lat' dir='ltr'>pronior</span> <span class='ocrx_word' id='word_1_25' title='bbox 487 332 526 369; x_wconf 89' lang='lat' dir='ltr'>in</span> <span class='ocrx_word' id='word_1_26' title='bbox 555 332 636 370; x_wconf 87' lang='lat' dir='ltr'>dies</span> <span class='ocrx_word' id='word_1_27' title='bbox 664 333 781 369; x_wconf 85' lang='lat' dir='ltr'>fieret.</span> <span class='ocrx_word' id='word_1_28' title='bbox 841 332 937 369; x_wconf 87' lang='lat' dir='ltr'>Inde</span> <span class='ocrx_word' id='word_1_29' title='bbox 966 332 1078 370; x_wconf 85' lang='lat' dir='ltr'>luxus</span> <span class='ocrx_word' id='word_1_30' title='bbox 1107 333 1333 383; x_wconf 83' lang='lat' dir='ltr'>pervulgari,</span> <span class='ocrx_word' id='word_1_31' title='bbox 1361 333 1505 382; x_wconf 72' lang='lat' dir='ltr'>neglec-</span> 
     </span>
     <span class='ocr_line' id='line_1_5' title="bbox 104 401 1344 451; baseline 0.001 -13"><span class='ocrx_word' id='word_1_32' title='bbox 104 406 216 450; x_wconf 87' lang='lat' dir='ltr'>taque</span> <span class='ocrx_word' id='word_1_33' title='bbox 237 401 395 438; x_wconf 86' lang='lat' dir='ltr'>deorum</span> <span class='ocrx_word' id='word_1_34' title='bbox 416 414 516 447; x_wconf 84' lang='lat' dir='ltr'>cura,</span> <span class='ocrx_word' id='word_1_35' title='bbox 536 401 651 450; x_wconf 80' lang='lat' dir='ltr'>prisci</span> <span class='ocrx_word' id='word_1_36' title='bbox 670 414 794 439; x_wconf 90' lang='lat' dir='ltr'>mores</span> <span class='ocrx_word' id='word_1_37' title='bbox 814 401 853 438; x_wconf 90' lang='lat' dir='ltr'>in</span> <span class='ocrx_word' id='word_1_38' title='bbox 872 401 981 451; x_wconf 87' lang='lat' dir='ltr'>peius</span> <span class='ocrx_word' id='word_1_39' title='bbox 1001 415 1109 440; x_wconf 86' lang='lat' dir='ltr'>ruere</span> <span class='ocrx_word' id='word_1_40' title='bbox 1130 407 1344 451; x_wconf 86' lang='lat' dir='ltr'>coeperunt.</span> 
     </span>
    </p>
   </div>
   <div class='ocr_carea' id='block_1_3' title="bbox 637 567 981 614">
    <p class='ocr_par' dir='ltr' id='par_1_3' title="bbox 637 567 981 614">
     <span class='ocr_line' id='line_1_6' title="bbox 637 567 981 614; baseline -0.003 -10"><span class='ocrx_word' id='word_1_41' title='bbox 637 567 759 614; x_wconf 76' lang='lat' dir='ltr'>Scipio</span> <span class='ocrx_word' id='word_1_42' title='bbox 779 568 859 603; x_wconf 77' lang='lat' dir='ltr'>and</span> <span class='ocrx_word' id='word_1_43' title='bbox 880 568 913 604; x_wconf 86' lang='lat' dir='ltr'><em>C</em></span> <span class='ocrx_word' id='word_1_44' title='bbox 911 573 981 604; x_wconf 78' lang='lat' dir='ltr'>ato.</span> 
     </span>
    </p>
   </div>
   <div class='ocr_carea' id='block_1_4' title="bbox 105 657 1511 1530">
    <p class='ocr_par' dir='ltr' id='par_1_4' title="bbox 105 657 1511 1530">
     <span class='ocr_line' id='line_1_7' title="bbox 157 657 1505 707; baseline -0.003 -9"><span class='ocrx_word' id='word_1_45' title='bbox 157 658 395 698; x_wconf 83' lang='lat' dir='ltr'>62.—Inter</span> <span class='ocrx_word' id='word_1_46' title='bbox 414 658 599 706; x_wconf 88' lang='lat' dir='ltr'>primores</span> <span class='ocrx_word' id='word_1_47' title='bbox 627 657 667 694; x_wconf 87' lang='lat' dir='ltr'>id</span> <span class='ocrx_word' id='word_1_48' title='bbox 696 658 879 706; x_wconf 84' lang='lat' dir='ltr'>temporis</span> <span class='ocrx_word' id='word_1_49' title='bbox 907 658 1108 707; x_wconf 76' lang='lat' dir='ltr'>praecipue</span> <span class='ocrx_word' id='word_1_50' title='bbox 1128 658 1320 695; x_wconf 85' lang='lat' dir='ltr'>eminebat</span> <span class='ocrx_word' id='word_1_51' title='bbox 1346 657 1505 695; x_wconf 82' lang='lat' dir='ltr'>Publius</span> 
     </span>
     <span class='ocr_line' id='line_1_8' title="bbox 106 725 1507 776; baseline -0.001 -12"><span class='ocrx_word' id='word_1_52' title='bbox 106 727 241 776; x_wconf 78' lang='lat' dir='ltr'>Scipio,</span> <span class='ocrx_word' id='word_1_53' title='bbox 265 727 324 763; x_wconf 90' lang='lat' dir='ltr'>cui</span> <span class='ocrx_word' id='word_1_54' title='bbox 350 739 539 776; x_wconf 83' lang='lat' dir='ltr'>agnomen</span> <span class='ocrx_word' id='word_1_55' title='bbox 568 725 751 763; x_wconf 85' lang='lat' dir='ltr'>Africano</span> <span class='ocrx_word' id='word_1_56' title='bbox 771 732 858 775; x_wconf 88' lang='lat' dir='ltr'>post</span> <span class='ocrx_word' id='word_1_57' title='bbox 877 727 1021 764; x_wconf 85' lang='lat' dir='ltr'>victum</span> <span class='ocrx_word' id='word_1_58' title='bbox 1052 726 1310 764; x_wconf 85' lang='lat' dir='ltr'>Hannibalem</span> <span class='ocrx_word' id='word_1_59' title='bbox 1340 725 1507 762; x_wconf 78' lang='lat' dir='ltr'>inditum</span> 
     </span>
     <span class='ocr_line' id='line_1_9' title="bbox 105 794 1506 845; baseline -0.001 -13"><span class='ocrx_word' id='word_1_60' title='bbox 105 801 174 841; x_wconf 88' lang='lat' dir='ltr'>est,</span> <span class='ocrx_word' id='word_1_61' title='bbox 195 800 234 833; x_wconf 89' lang='lat' dir='ltr'>et</span> <span class='ocrx_word' id='word_1_62' title='bbox 253 796 407 833; x_wconf 84' lang='lat' dir='ltr'>Marcus</span> <span class='ocrx_word' id='word_1_63' title='bbox 430 795 536 833; x_wconf 86' lang='lat' dir='ltr'>Cato.</span> <span class='ocrx_word' id='word_1_64' title='bbox 596 794 668 831; x_wconf 89' lang='lat' dir='ltr'>His</span> <span class='ocrx_word' id='word_1_65' title='bbox 687 808 822 845; x_wconf 80' lang='lat' dir='ltr'>graves</span> <span class='ocrx_word' id='word_1_66' title='bbox 843 795 1136 833; x_wconf 71' lang='lat' dir='ltr'>intercedebant</span> <span class='ocrx_word' id='word_1_67' title='bbox 1163 795 1391 840; x_wconf 72' lang='lat' dir='ltr'>simultates,</span> <span class='ocrx_word' id='word_1_68' title='bbox 1420 807 1506 831; x_wconf 91' lang='lat' dir='ltr'>cum</span> 
     </span>
     <span class='ocr_line' id='line_1_10' title="bbox 105 863 1507 912; baseline -0.002 -10"><span class='ocrx_word' id='word_1_69' title='bbox 105 865 201 902; x_wconf 85' lang='lat' dir='ltr'>alter</span> <span class='ocrx_word' id='word_1_70' title='bbox 221 864 375 902; x_wconf 81' lang='lat' dir='ltr'>Graecis</span> <span class='ocrx_word' id='word_1_71' title='bbox 402 864 571 901; x_wconf 85' lang='lat' dir='ltr'>moribus</span> <span class='ocrx_word' id='word_1_72' title='bbox 600 868 639 900; x_wconf 93' lang='lat' dir='ltr'>et</span> <span class='ocrx_word' id='word_1_73' title='bbox 667 863 889 912; x_wconf 86' lang='lat' dir='ltr'>disciplinae</span> <span class='ocrx_word' id='word_1_74' title='bbox 912 864 1071 910; x_wconf 77' lang='lat' dir='ltr'>faveret,</span> <span class='ocrx_word' id='word_1_75' title='bbox 1091 864 1188 901; x_wconf 87' lang='lat' dir='ltr'>alter</span> <span class='ocrx_word' id='word_1_76' title='bbox 1213 863 1354 912; x_wconf 87' lang='lat' dir='ltr'>priscos</span> <span class='ocrx_word' id='word_1_77' title='bbox 1382 875 1507 900; x_wconf 89' lang='lat' dir='ltr'>mores</span> 
     </span>
     <span class='ocr_line' id='line_1_11' title="bbox 106 931 1508 981; baseline -0.001 -12"><span class='ocrx_word' id='word_1_78' title='bbox 106 937 144 969; x_wconf 87' lang='lat' dir='ltr'>et</span> <span class='ocrx_word' id='word_1_79' title='bbox 159 932 336 981; x_wconf 88' lang='lat' dir='ltr'>antiquas</span> <span class='ocrx_word' id='word_1_80' title='bbox 364 931 662 969; x_wconf 87' lang='lat' dir='ltr'>consuetudines</span> <span class='ocrx_word' id='word_1_81' title='bbox 689 932 880 981; x_wconf 85' lang='lat' dir='ltr'>probaret.</span> <span class='ocrx_word' id='word_1_82' title='bbox 929 931 1026 970; x_wconf 86' lang='lat' dir='ltr'>Cum</span> <span class='ocrx_word' id='word_1_83' title='bbox 1046 945 1135 969; x_wconf 87' lang='lat' dir='ltr'>vero</span> <span class='ocrx_word' id='word_1_84' title='bbox 1154 931 1299 968; x_wconf 90' lang='lat' dir='ltr'>inimici</span> <span class='ocrx_word' id='word_1_85' title='bbox 1319 931 1508 981; x_wconf 84' lang='lat' dir='ltr'>Scipionis</span> 
     </span>
     <span class='ocr_line' id='line_1_12' title="bbox 105 1000 1508 1050; baseline 0 -12"><span class='ocrx_word' id='word_1_86' title='bbox 105 1001 341 1038; x_wconf 80' lang='lat' dir='ltr'>occasionem</span> <span class='ocrx_word' id='word_1_87' title='bbox 382 1000 544 1038; x_wconf 91' lang='lat' dir='ltr'>nocendi</span> <span class='ocrx_word' id='word_1_88' title='bbox 590 1000 657 1037; x_wconf 86' lang='lat' dir='ltr'>diu</span> <span class='ocrx_word' id='word_1_89' title='bbox 703 1001 981 1049; x_wconf 81' lang='lat' dir='ltr'>quaesivissent</span> <span class='ocrx_word' id='word_1_90' title='bbox 1022 1014 1143 1050; x_wconf 92' lang='lat' dir='ltr'>neque</span> <span class='ocrx_word' id='word_1_91' title='bbox 1184 1001 1302 1038; x_wconf 88' lang='lat' dir='ltr'>ullam</span> <span class='ocrx_word' id='word_1_92' title='bbox 1343 1001 1508 1050; x_wconf 84' lang='lat' dir='ltr'>reperire</span> 
     </span>
     <span class='ocr_line' id='line_1_13' title="bbox 106 1069 1509 1119; baseline -0.001 -11"><span class='ocrx_word' id='word_1_93' title='bbox 106 1070 333 1119; x_wconf 78' lang='lat' dir='ltr'>potuissent,</span> <span class='ocrx_word' id='word_1_94' title='bbox 354 1069 466 1106; x_wconf 85' lang='lat' dir='ltr'>fratri</span> <span class='ocrx_word' id='word_1_95' title='bbox 486 1069 566 1107; x_wconf 87' lang='lat' dir='ltr'>eius</span> <span class='ocrx_word' id='word_1_96' title='bbox 586 1069 703 1106; x_wconf 90' lang='lat' dir='ltr'>Lucio</span> <span class='ocrx_word' id='word_1_97' title='bbox 725 1069 904 1118; x_wconf 81' lang='lat' dir='ltr'>Scipioni,</span> <span class='ocrx_word' id='word_1_98' title='bbox 934 1069 993 1106; x_wconf 90' lang='lat' dir='ltr'>cui</span> <span class='ocrx_word' id='word_1_99' title='bbox 1021 1069 1192 1107; x_wconf 89' lang='lat' dir='ltr'>Asiatico</span> <span class='ocrx_word' id='word_1_100' title='bbox 1211 1082 1399 1119; x_wconf 82' lang='lat' dir='ltr'>agnomen</span> <span class='ocrx_word' id='word_1_101' title='bbox 1429 1074 1509 1107; x_wconf 86' lang='lat' dir='ltr'>erat</span> 
     </span>
     <span class='ocr_line' id='line_1_14' title="bbox 107 1137 1509 1188; baseline -0.001 -12"><span class='ocrx_word' id='word_1_102' title='bbox 107 1144 263 1188; x_wconf 86' lang='lat' dir='ltr'>propter</span> <span class='ocrx_word' id='word_1_103' title='bbox 294 1138 494 1175; x_wconf 86' lang='lat' dir='ltr'>victoriam</span> <span class='ocrx_word' id='word_1_104' title='bbox 533 1137 580 1175; x_wconf 89' lang='lat' dir='ltr'>de</span> <span class='ocrx_word' id='word_1_105' title='bbox 613 1137 807 1175; x_wconf 86' lang='lat' dir='ltr'>Antiocho</span> <span class='ocrx_word' id='word_1_106' title='bbox 841 1138 973 1187; x_wconf 75' lang='lat' dir='ltr'>Syriae</span> <span class='ocrx_word' id='word_1_107' title='bbox 1005 1151 1093 1187; x_wconf 80' lang='lat' dir='ltr'>rege</span> <span class='ocrx_word' id='word_1_108' title='bbox 1126 1142 1372 1186; x_wconf 82' lang='lat' dir='ltr'>reportatam,</span> <span class='ocrx_word' id='word_1_109' title='bbox 1407 1137 1509 1175; x_wconf 89' lang='lat' dir='ltr'>diem</span> 
     </span>
     <span class='ocr_line' id='line_1_15' title="bbox 107 1207 1507 1257; baseline 0.001 -13"><span class='ocrx_word' id='word_1_110' title='bbox 107 1208 302 1246; x_wconf 79' lang='lat' dir='ltr'>dixerunt.</span> <span class='ocrx_word' id='word_1_111' title='bbox 360 1208 398 1244; x_wconf 91' lang='lat' dir='ltr'>Is</span> <span class='ocrx_word' id='word_1_112' title='bbox 431 1212 627 1244; x_wconf 86' lang='lat' dir='ltr'>accusatus</span> <span class='ocrx_word' id='word_1_113' title='bbox 661 1207 763 1257; x_wconf 87' lang='lat' dir='ltr'>quod</span> <span class='ocrx_word' id='word_1_114' title='bbox 800 1208 979 1256; x_wconf 88' lang='lat' dir='ltr'>pecunias</span> <span class='ocrx_word' id='word_1_115' title='bbox 1012 1207 1181 1257; x_wconf 87' lang='lat' dir='ltr'>publicas</span> <span class='ocrx_word' id='word_1_116' title='bbox 1218 1208 1366 1245; x_wconf 86' lang='lat' dir='ltr'>furatus</span> <span class='ocrx_word' id='word_1_117' title='bbox 1399 1212 1507 1255; x_wconf 88' lang='lat' dir='ltr'>esset,</span> 
     </span>
     <span class='ocr_line' id='line_1_16' title="bbox 107 1275 1510 1325; baseline -0.001 -11"><span class='ocrx_word' id='word_1_118' title='bbox 107 1277 237 1314; x_wconf 85' lang='lat' dir='ltr'>fratris</span> <span class='ocrx_word' id='word_1_119' title='bbox 265 1289 335 1325; x_wconf 91' lang='lat' dir='ltr'>ope</span> <span class='ocrx_word' id='word_1_120' title='bbox 356 1275 524 1313; x_wconf 90' lang='lat' dir='ltr'>criminis</span> <span class='ocrx_word' id='word_1_121' title='bbox 552 1275 750 1313; x_wconf 87' lang='lat' dir='ltr'>absolutus</span> <span class='ocrx_word' id='word_1_122' title='bbox 779 1280 845 1313; x_wconf 87' lang='lat' dir='ltr'>est.</span> <span class='ocrx_word' id='word_1_123' title='bbox 903 1276 1042 1313; x_wconf 85' lang='lat' dir='ltr'>Postea</span> <span class='ocrx_word' id='word_1_124' title='bbox 1061 1276 1265 1313; x_wconf 84' lang='lat' dir='ltr'>Africanus</span> <span class='ocrx_word' id='word_1_125' title='bbox 1294 1276 1510 1313; x_wconf 84' lang='lat' dir='ltr'>exsulatum</span> 
     </span>
     <span class='ocr_line' id='line_1_17' title="bbox 107 1344 1511 1393; baseline 0 -12"><span class='ocrx_word' id='word_1_126' title='bbox 107 1344 202 1382; x_wconf 83' lang='lat' dir='ltr'>abiit</span> <span class='ocrx_word' id='word_1_127' title='bbox 222 1344 483 1381; x_wconf 87' lang='lat' dir='ltr'>immemorem</span> <span class='ocrx_word' id='word_1_128' title='bbox 512 1344 684 1381; x_wconf 82' lang='lat' dir='ltr'>beneficii</span> <span class='ocrx_word' id='word_1_129' title='bbox 712 1348 867 1393; x_wconf 82' lang='lat' dir='ltr'>gentem</span> <span class='ocrx_word' id='word_1_130' title='bbox 896 1345 1139 1393; x_wconf 81' lang='lat' dir='ltr'>exprobrans.</span> <span class='ocrx_word' id='word_1_131' title='bbox 1199 1344 1333 1393; x_wconf 86' lang='lat' dir='ltr'>Neque</span> <span class='ocrx_word' id='word_1_132' title='bbox 1354 1344 1511 1382; x_wconf 85' lang='lat' dir='ltr'>Catonis</span> 
     </span>
     <span class='ocr_line' id='line_1_18' title="bbox 108 1412 1511 1461; baseline -0.001 -11"><span class='ocrx_word' id='word_1_133' title='bbox 108 1413 264 1450; x_wconf 89' lang='lat' dir='ltr'>monitis</span> <span class='ocrx_word' id='word_1_134' title='bbox 284 1413 602 1461; x_wconf 79' lang='lat' dir='ltr'>obtemperabant</span> <span class='ocrx_word' id='word_1_135' title='bbox 621 1412 796 1458; x_wconf 83' lang='lat' dir='ltr'>Romani,</span> <span class='ocrx_word' id='word_1_136' title='bbox 828 1426 914 1450; x_wconf 90' lang='lat' dir='ltr'>cum</span> <span class='ocrx_word' id='word_1_137' title='bbox 942 1413 1102 1450; x_wconf 84' lang='lat' dir='ltr'>moleste</span> <span class='ocrx_word' id='word_1_138' title='bbox 1122 1413 1266 1450; x_wconf 85' lang='lat' dir='ltr'>ferrent</span> <span class='ocrx_word' id='word_1_139' title='bbox 1286 1412 1357 1450; x_wconf 84' lang='lat' dir='ltr'>sibi</span> <span class='ocrx_word' id='word_1_140' title='bbox 1376 1412 1511 1449; x_wconf 81' lang='lat' dir='ltr'>luxum</span> 
     </span>
     <span class='ocr_line' id='line_1_19' title="bbox 109 1481 639 1530; baseline -0.004 -11"><span class='ocrx_word' id='word_1_141' title='bbox 109 1486 353 1530; x_wconf 83' lang='lat' dir='ltr'>mutatosque</span> <span class='ocrx_word' id='word_1_142' title='bbox 373 1494 497 1518; x_wconf 83' lang='lat' dir='ltr'>mores</span> <span class='ocrx_word' id='word_1_143' title='bbox 517 1481 639 1518; x_wconf 88' lang='lat' dir='ltr'>obiici.</span> 
     </span>
    </p>
   </div>
   <div class='ocr_carea' id='block_1_5' title="bbox 526 1640 1096 1686">
    <p class='ocr_par' dir='ltr' id='par_1_5' title="bbox 526 1640 1096 1686">
     <span class='ocr_line' id='line_1_20' title="bbox 526 1640 1096 1686; baseline 0.002 -11"><span class='ocrx_word' id='word_1_144' title='bbox 526 1641 642 1675; x_wconf 77' lang='lat' dir='ltr'>Rome</span> <span class='ocrx_word' id='word_1_145' title='bbox 655 1640 837 1686; x_wconf 71' lang='lat' dir='ltr'>gaverned</span> <span class='ocrx_word' id='word_1_146' title='bbox 851 1640 893 1686; x_wconf 81' lang='lat' dir='ltr'>by</span> <span class='ocrx_word' id='word_1_147' title='bbox 913 1640 971 1675; x_wconf 75' lang='lat' dir='ltr'>the</span> <span class='ocrx_word' id='word_1_148' title='bbox 990 1640 1096 1676; x_wconf 59' lang='grc' dir='ltr'>[θινὶ-ΙΙ.</span> 
     </span>
    </p>
   </div>
   <div class='ocr_carea' id='block_1_6' title="bbox 110 1730 1514 2395">
    <p class='ocr_par' dir='ltr' id='par_1_6' title="bbox 110 1730 1514 2395">
     <span class='ocr_line' id='line_1_21' title="bbox 164 1730 1511 1779; baseline -0.001 -8"><span class='ocrx_word' id='word_1_149' title='bbox 164 1730 374 1771; x_wconf 80' lang='lat' dir='ltr'>63--Iam</span> <span class='ocrx_word' id='word_1_150' title='bbox 403 1730 521 1779; x_wconf 87' lang='lat' dir='ltr'>pluris</span> <span class='ocrx_word' id='word_1_151' title='bbox 550 1731 681 1767; x_wconf 86' lang='lat' dir='ltr'>haberi</span> <span class='ocrx_word' id='word_1_152' title='bbox 710 1730 869 1767; x_wconf 86' lang='lat' dir='ltr'>divitiae</span> <span class='ocrx_word' id='word_1_153' title='bbox 889 1735 1044 1779; x_wconf 78' lang='lat' dir='ltr'>coeptae</span> <span class='ocrx_word' id='word_1_154' title='bbox 1069 1735 1168 1776; x_wconf 82' lang='lat' dir='ltr'>sunt,</span> <span class='ocrx_word' id='word_1_155' title='bbox 1190 1730 1284 1768; x_wconf 85' lang='lat' dir='ltr'>adeo</span> <span class='ocrx_word' id='word_1_156' title='bbox 1310 1735 1354 1768; x_wconf 89' lang='lat' dir='ltr'>ut</span> <span class='ocrx_word' id='word_1_157' title='bbox 1379 1745 1511 1769; x_wconf 87' lang='lat' dir='ltr'>omnes</span> 
     </span>
     <span class='ocr_line' id='line_1_22' title="bbox 110 1798 1512 1849; baseline 0 -13"><span class='ocrx_word' id='word_1_158' title='bbox 110 1800 190 1837; x_wconf 83' lang='lat' dir='ltr'>fere</span> <span class='ocrx_word' id='word_1_159' title='bbox 217 1798 464 1849; x_wconf 83' lang='lat' dir='ltr'>magistratus</span> <span class='ocrx_word' id='word_1_160' title='bbox 492 1798 643 1836; x_wconf 89' lang='lat' dir='ltr'>obirent</span> <span class='ocrx_word' id='word_1_161' title='bbox 670 1798 877 1847; x_wconf 86' lang='lat' dir='ltr'>locupletes</span> <span class='ocrx_word' id='word_1_162' title='bbox 902 1798 985 1843; x_wconf 87' lang='lat' dir='ltr'>viri,</span> <span class='ocrx_word' id='word_1_163' title='bbox 1014 1811 1136 1847; x_wconf 90' lang='lat' dir='ltr'>neque</span> <span class='ocrx_word' id='word_1_164' title='bbox 1162 1798 1188 1834; x_wconf 92' lang='lat' dir='ltr'>ii</span> <span class='ocrx_word' id='word_1_165' title='bbox 1216 1798 1340 1844; x_wconf 89' lang='lat' dir='ltr'>multi,</span> <span class='ocrx_word' id='word_1_166' title='bbox 1362 1812 1381 1835; x_wconf 94' lang='lat' dir='ltr'>e</span> <span class='ocrx_word' id='word_1_167' title='bbox 1407 1799 1512 1836; x_wconf 86' lang='lat' dir='ltr'>ditis-</span> 
     </span>
     <span class='ocr_line' id='line_1_23' title="bbox 112 1866 1511 1916; baseline 0.001 -12"><span class='ocrx_word' id='word_1_168' title='bbox 112 1867 217 1904; x_wconf 84' lang='lat' dir='ltr'>simis</span> <span class='ocrx_word' id='word_1_169' title='bbox 236 1867 416 1916; x_wconf 80' lang='lat' dir='ltr'>gentibus</span> <span class='ocrx_word' id='word_1_170' title='bbox 436 1867 521 1904; x_wconf 88' lang='lat' dir='ltr'>orti.</span> <span class='ocrx_word' id='word_1_171' title='bbox 580 1867 651 1904; x_wconf 92' lang='lat' dir='ltr'>His</span> <span class='ocrx_word' id='word_1_172' title='bbox 672 1879 811 1904; x_wconf 90' lang='lat' dir='ltr'>nomen</span> <span class='ocrx_word' id='word_1_173' title='bbox 841 1866 1092 1915; x_wconf 88' lang='lat' dir='ltr'>optimatibus</span> <span class='ocrx_word' id='word_1_174' title='bbox 1111 1866 1245 1903; x_wconf 87' lang='lat' dir='ltr'>datum</span> <span class='ocrx_word' id='word_1_175' title='bbox 1265 1872 1332 1905; x_wconf 90' lang='lat' dir='ltr'>est.</span> <span class='ocrx_word' id='word_1_176' title='bbox 1389 1867 1511 1905; x_wconf 84' lang='lat' dir='ltr'>Penes</span> 
     </span>
     <span class='ocr_line' id='line_1_24' title="bbox 112 1934 1512 1984; baseline 0.001 -13"><span class='ocrx_word' id='word_1_177' title='bbox 112 1948 206 1984; x_wconf 79' lang='lat' dir='ltr'>quos</span> <span class='ocrx_word' id='word_1_178' title='bbox 239 1948 324 1972; x_wconf 87' lang='lat' dir='ltr'>cum</span> <span class='ocrx_word' id='word_1_179' title='bbox 357 1948 505 1971; x_wconf 86' lang='lat' dir='ltr'>summa</span> <span class='ocrx_word' id='word_1_180' title='bbox 537 1939 706 1983; x_wconf 86' lang='lat' dir='ltr'>potestas</span> <span class='ocrx_word' id='word_1_181' title='bbox 743 1939 853 1980; x_wconf 88' lang='lat' dir='ltr'>esset,</span> <span class='ocrx_word' id='word_1_182' title='bbox 889 1938 1044 1971; x_wconf 84' lang='lat' dir='ltr'>senatus</span> <span class='ocrx_word' id='word_1_183' title='bbox 1076 1947 1125 1971; x_wconf 81' lang='lat' dir='ltr'>ex</span> <span class='ocrx_word' id='word_1_184' title='bbox 1157 1934 1327 1971; x_wconf 88' lang='lat' dir='ltr'>eiusdem</span> <span class='ocrx_word' id='word_1_185' title='bbox 1362 1936 1512 1984; x_wconf 84' lang='lat' dir='ltr'>generis</span> 
     </span>
     <span class='ocr_line' id='line_1_25' title="bbox 113 2003 1511 2052; baseline 0 -11"><span class='ocrx_word' id='word_1_186' title='bbox 113 2004 332 2041; x_wconf 86' lang='lat' dir='ltr'>hominibus</span> <span class='ocrx_word' id='word_1_187' title='bbox 365 2004 575 2049; x_wconf 85' lang='lat' dir='ltr'>constabat,</span> <span class='ocrx_word' id='word_1_188' title='bbox 607 2003 672 2052; x_wconf 87' lang='lat' dir='ltr'>qui</span> <span class='ocrx_word' id='word_1_189' title='bbox 699 2003 840 2052; x_wconf 89' lang='lat' dir='ltr'>populo</span> <span class='ocrx_word' id='word_1_190' title='bbox 869 2003 1165 2052; x_wconf 78' lang='lat' dir='ltr'>imperitabant3</span> <span class='ocrx_word' id='word_1_191' title='bbox 1197 2016 1320 2052; x_wconf 90' lang='lat' dir='ltr'>neque</span> <span class='ocrx_word' id='word_1_192' title='bbox 1347 2003 1511 2041; x_wconf 90' lang='lat' dir='ltr'>multum</span> 
     </span>
     <span class='ocr_line' id='line_1_26' title="bbox 114 2071 1513 2123; baseline -0.001 -12"><span class='ocrx_word' id='word_1_193' title='bbox 114 2073 315 2123; x_wconf 88' lang='lat' dir='ltr'>potestatis</span> <span class='ocrx_word' id='word_1_194' title='bbox 346 2072 564 2110; x_wconf 89' lang='lat' dir='ltr'>consulibus</span> <span class='ocrx_word' id='word_1_195' title='bbox 597 2085 814 2109; x_wconf 89' lang='lat' dir='ltr'>concessum</span> <span class='ocrx_word' id='word_1_196' title='bbox 848 2076 915 2117; x_wconf 84' lang='lat' dir='ltr'>est,</span> <span class='ocrx_word' id='word_1_197' title='bbox 946 2071 1085 2120; x_wconf 89' lang='lat' dir='ltr'>quibus</span> <span class='ocrx_word' id='word_1_198' title='bbox 1113 2071 1342 2121; x_wconf 89' lang='lat' dir='ltr'>reipublicae</span> <span class='ocrx_word' id='word_1_199' title='bbox 1375 2085 1464 2110; x_wconf 81' lang='lat' dir='ltr'>cura</span> <span class='ocrx_word' id='word_1_200' title='bbox 1491 2086 1513 2110; x_wconf 89' lang='lat' dir='ltr'>a</span> 
     </span>
     <span class='ocr_line' id='line_1_27' title="bbox 112 2139 1513 2190; baseline -0.001 -12"><span class='ocrx_word' id='word_1_201' title='bbox 112 2141 285 2190; x_wconf 87' lang='lat' dir='ltr'>patribus</span> <span class='ocrx_word' id='word_1_202' title='bbox 314 2140 628 2178; x_wconf 88' lang='lat' dir='ltr'>demandabatur.</span> <span class='ocrx_word' id='word_1_203' title='bbox 687 2140 790 2177; x_wconf 90' lang='lat' dir='ltr'>Dum</span> <span class='ocrx_word' id='word_1_204' title='bbox 818 2139 942 2177; x_wconf 88' lang='lat' dir='ltr'>adhuc</span> <span class='ocrx_word' id='word_1_205' title='bbox 971 2139 1112 2177; x_wconf 90' lang='lat' dir='ltr'>bellum</span> <span class='ocrx_word' id='word_1_206' title='bbox 1140 2140 1321 2177; x_wconf 88' lang='lat' dir='ltr'>adversus</span> <span class='ocrx_word' id='word_1_207' title='bbox 1340 2140 1513 2178; x_wconf 89' lang='lat' dir='ltr'>Poenum</span> 
     </span>
     <span class='ocr_line' id='line_1_28' title="bbox 112 2207 1511 2259; baseline -0.001 -13"><span class='ocrx_word' id='word_1_208' title='bbox 112 2209 326 2259; x_wconf 76' lang='lat' dir='ltr'>gerebatur,</span> <span class='ocrx_word' id='word_1_209' title='bbox 356 2221 416 2245; x_wconf 85' lang='lat' dir='ltr'>res</span> <span class='ocrx_word' id='word_1_210' title='bbox 448 2208 544 2245; x_wconf 91' lang='lat' dir='ltr'>bene</span> <span class='ocrx_word' id='word_1_211' title='bbox 573 2208 951 2253; x_wconf 83' lang='lat' dir='ltr'>administrabantur,</span> <span class='ocrx_word' id='word_1_212' title='bbox 981 2207 1047 2245; x_wconf 90' lang='lat' dir='ltr'>sed</span> <span class='ocrx_word' id='word_1_213' title='bbox 1080 2212 1167 2257; x_wconf 89' lang='lat' dir='ltr'>post</span> <span class='ocrx_word' id='word_1_214' title='bbox 1194 2208 1335 2245; x_wconf 88' lang='lat' dir='ltr'>victam</span> <span class='ocrx_word' id='word_1_215' title='bbox 1366 2208 1511 2256; x_wconf 86' lang='lat' dir='ltr'>Asiam,</span> 
     </span>
     <span class='ocr_line' id='line_1_29' title="bbox 114 2276 1514 2327; baseline -0.001 -12"><span class='ocrx_word' id='word_1_216' title='bbox 114 2278 288 2327; x_wconf 83' lang='lat' dir='ltr'>neglecta</span> <span class='ocrx_word' id='word_1_217' title='bbox 315 2276 544 2326; x_wconf 85' lang='lat' dir='ltr'>reipublicae</span> <span class='ocrx_word' id='word_1_218' title='bbox 564 2290 664 2322; x_wconf 87' lang='lat' dir='ltr'>cura,</span> <span class='ocrx_word' id='word_1_219' title='bbox 685 2281 812 2325; x_wconf 83' lang='lat' dir='ltr'>patres</span> <span class='ocrx_word' id='word_1_220' title='bbox 840 2289 909 2325; x_wconf 89' lang='lat' dir='ltr'>pro</span> <span class='ocrx_word' id='word_1_221' title='bbox 938 2289 976 2313; x_wconf 91' lang='lat' dir='ltr'>se</span> <span class='ocrx_word' id='word_1_222' title='bbox 1005 2276 1164 2326; x_wconf 88' lang='lat' dir='ltr'>quisque</span> <span class='ocrx_word' id='word_1_223' title='bbox 1190 2276 1344 2314; x_wconf 86' lang='lat' dir='ltr'>divitias</span> <span class='ocrx_word' id='word_1_224' title='bbox 1372 2289 1514 2315; x_wconf 88' lang='lat' dir='ltr'>coacer-</span> 
     </span>
     <span class='ocr_line' id='line_1_30' title="bbox 114 2344 1514 2395; baseline -0.001 -11"><span class='ocrx_word' id='word_1_225' title='bbox 114 2359 203 2384; x_wconf 83' lang='lat' dir='ltr'>vare</span> <span class='ocrx_word' id='word_1_226' title='bbox 224 2346 437 2395; x_wconf 88' lang='lat' dir='ltr'>cupiebant.</span> <span class='ocrx_word' id='word_1_227' title='bbox 495 2345 591 2382; x_wconf 89' lang='lat' dir='ltr'>Inde</span> <span class='ocrx_word' id='word_1_228' title='bbox 617 2345 657 2382; x_wconf 92' lang='lat' dir='ltr'>in</span> <span class='ocrx_word' id='word_1_229' title='bbox 686 2345 854 2382; x_wconf 86' lang='lat' dir='ltr'>deterius</span> <span class='ocrx_word' id='word_1_230' title='bbox 883 2344 976 2382; x_wconf 85' lang='lat' dir='ltr'>adeo</span> <span class='ocrx_word' id='word_1_231' title='bbox 996 2345 1096 2382; x_wconf 88' lang='lat' dir='ltr'>verti</span> <span class='ocrx_word' id='word_1_232' title='bbox 1123 2357 1247 2382; x_wconf 90' lang='lat' dir='ltr'>mores</span> <span class='ocrx_word' id='word_1_233' title='bbox 1275 2349 1318 2382; x_wconf 90' lang='lat' dir='ltr'>ut</span> <span class='ocrx_word' id='word_1_234' title='bbox 1345 2345 1514 2394; x_wconf 90' lang='lat' dir='ltr'>optimus</span> 
     </span>
    </p>
   </div>
  </div>
 </body>
</html>
