1559 2463
51 43 252 95 PART111.]
369 44 738 80 ALEXANDER
772 45 891 80 THE
924 44 1130 81 GREAT.
1382 57 1452 91 109

48 156 194 194 adussit
221 155 348 205 pedeS,
378 155 521 193 multos
545 155 773 193 excaecavit.
849 155 951 192 Nam
978 155 1131 205 fatigati
1161 168 1271 205 saepe
1299 156 1339 192 in
1368 156 1451 204 ipso

45 224 132 274 gelu
152 224 368 262 deficientia
387 237 546 274 corpora
574 224 799 262 sternebant
814 239 824 271 3
853 237 949 273 quae
979 237 1065 261 cum
1084 225 1229 261 moveri
1250 224 1448 270 desissent,

45 294 102 331 vis
121 293 242 343 frigus
269 294 324 330 ita
352 293 616 343 adstringebat
644 298 688 330 ut
715 306 845 331 rursus
873 293 921 331 ad
951 294 1183 344 surgendum
1209 295 1353 332 conniti
1372 308 1449 332 non

43 366 208 411 possent.
266 362 303 399 A
323 361 646 399 commilitonibus
671 366 869 411 torpentes
899 362 1178 408 excitabantur,
1200 375 1323 412 neque
1344 363 1448 400 aliud

43 430 254 467 remedium
282 435 364 468 erat
392 443 507 479 quam
534 434 579 467 ut
606 430 802 468 ambulare
831 435 1066 480 cogerentur.
1142 430 1242 468 Tum
1279 431 1446 477 demum,

42 498 151 535 vitali
180 498 302 536 calore
330 503 446 544 moto,
467 499 648 536 membris
677 498 814 548 aliquis
843 499 994 536 redibat
1022 499 1140 549 vigor.
1198 499 1284 536 Rex
1310 512 1446 549 agmen

42 567 265 604 circumibat
292 566 418 616 pedes,
439 568 606 605 iacentes
635 567 821 617 quosdam
850 569 999 617 erigens
1028 573 1067 605 et
1095 568 1200 614 alios,
1222 581 1308 605 cum
1336 581 1446 618 aegre

42 640 302 685 sequerentur,
324 635 555 674 adminiculo
576 636 742 685 corporis
763 636 820 673 sui
841 636 1044 685 excipiens.
1102 636 1276 674 Tandem
1296 636 1343 674 ad
1364 636 1447 674 loca

41 704 201 742 cultiora
219 709 449 754 perventum
477 710 545 751 est,
570 710 860 754 commeatuque
888 705 994 754 largo
1023 709 1214 742 recreatus
1242 705 1441 742 exercitus.

42 774 137 811 Inde
153 787 288 824 agmen
303 774 489 823 processit
509 774 556 811 ad
572 774 784 812 Caucasum
804 779 988 819 montem,
1009 774 1115 811 cuius
1135 773 1291 811 dorsum
1311 773 1444 811 Asiam

40 848 224 891 perpetuo
244 843 332 891 iugo
353 841 516 889 difidit,
545 842 646 879 hunc
675 841 950 891 septemdecim
969 841 1119 879 dierum
1147 842 1270 891 spatio
1297 855 1445 880 summa

40 910 264 948 difficultate
285 911 487 960 superavit.

588 1037 752 1073 Besszls's
762 1037 888 1084 plans.

90 1128 310 1166 224.—At
338 1128 476 1166 Bessus
495 1127 708 1165 Alexandri
737 1127 931 1165 celeritate
956 1128 1193 1176 perterritus,
1217 1128 1289 1165 diis
1309 1130 1443 1178 patriis

37 1197 218 1234 sacrificio
255 1198 328 1234 rite
365 1197 477 1243 facto,
518 1197 617 1234 sicut
648 1196 723 1233 illis
756 1196 936 1246 gentibus
966 1209 1048 1234 mos
1087 1201 1154 1244 est,
1191 1210 1276 1234 cum
1314 1198 1443 1235 amicis

37 1265 271 1315 ducibusque
291 1266 486 1314 copiarum
505 1266 607 1302 inter
625 1265 756 1314 epulas
776 1265 824 1302 de
844 1265 945 1302 bello
966 1265 1218 1303 consultabat.
1294 1266 1441 1304 Graves

36 1347 140 1371 mero
179 1347 264 1371 suas
301 1335 401 1371 vires
438 1334 634 1379 extollere,
673 1334 843 1371 hostium
888 1347 988 1371 nunc
1035 1334 1294 1372 temeritatem
1339 1348 1440 1372 1111110

35 1403 268 1452 paucitatem
284 1415 460 1452 spernere
480 1403 679 1452 incipiunt.
728 1402 936 1451 Praecipue
960 1402 1108 1449 Bessus,
1126 1402 1236 1440 ferox
1256 1403 1382 1440 verbis
1403 1408 1441 1440 et

35 1476 146 1521 parto
178 1484 246 1521 per
280 1471 401 1509 scelus
433 1484 550 1521 regno
584 1471 769 1521 superbus
799 1484 841 1508 ac
870 1471 936 1508 vix
964 1476 1102 1521 potens
1132 1472 1283 1518 mentiS,
1315 1472 1439 1509 dicere

36 1540 195 1587 orditur,
235 1540 407 1578 socordia
444 1540 552 1577 Darii
590 1540 751 1577 crevisse
797 1540 967 1577 hostium
1012 1540 1164 1578 famam.
1224 1540 1440 1579 Occurrisse

36 1610 138 1647 enim
157 1610 197 1647 in
218 1609 372 1647 Ciliciae
392 1609 672 1660 angustissimis
700 1609 886 1656 faucibus,
907 1623 992 1647 cum
1012 1609 1291 1648 retrocedendo
1310 1616 1439 1660 posset

33 1678 240 1728 perducere
276 1679 450 1715 incautos
482 1678 522 1714 in
558 1677 641 1715 loca
672 1682 832 1715 naturae
866 1677 942 1715 situ
975 1678 1089 1723 invia,
1124 1683 1185 1716 tot
1218 1679 1440 1716 fluminibus

35 1745 204 1793 obiectis,
224 1750 284 1782 tot
302 1746 494 1782 montium
521 1745 691 1791 latebris,
712 1746 814 1782 inter
833 1758 927 1794 quas
956 1745 1216 1794 deprehensus
1244 1746 1365 1783 hostis
1391 1760 1438 1783 ne

34 1813 146 1863 fugae
184 1813 350 1862 quidem,
380 1813 523 1851 nedum
558 1813 763 1851 resistendi
796 1814 1031 1851 occasionem
1068 1813 1186 1851 fuerit
1222 1814 1435 1854 habiturus.

35 1881 117 1919 Sibi
136 1882 284 1930 placere
303 1882 343 1918 in
365 1881 576 1931 Sogdianos
604 1881 791 1928 recedere,
821 1882 950 1919 Oxum
979 1895 1131 1920 amnem
1150 1883 1258 1920 velut
1285 1897 1437 1921 murum

34 1951 272 1988 obiecturum
300 1950 415 1996 hosti,
435 1950 528 1987 dum
557 1964 604 1987 ex
631 1951 806 1988 finitimis
834 1951 1014 2000 gentibus
1035 1951 1162 1989 valida
1190 1952 1333 1990 auxilia
1353 1966 1436 1991 con-

33 2023 236 2056 currerent.
296 2019 490 2057 Venturos
528 2024 655 2057 autem
693 2020 855 2069 Scythas
893 2034 1056 2070 quorimi
1101 2022 1295 2059 neminem
1341 2023 1436 2061 adeo

31 2087 217 2124 humilem
253 2099 334 2125 esse
369 2091 414 2124 ut
450 2087 599 2125 humeri
636 2087 716 2125 eius
746 2101 823 2125 non
855 2093 1012 2137 possent
1046 2089 1269 2127 Macedonis
1301 2091 1436 2129 militis

31 2156 214 2193 verticem
233 2168 403 2204 aequare.
462 2155 712 2194 Conclamant
731 2156 935 2194 temulenti
954 2170 1072 2194 unam
1086 2157 1183 2195 hanc
1204 2160 1435 2197 sententiam

33 2224 224 2262 salubrem
269 2237 361 2270 esse,
405 2229 444 2262 et
488 2225 628 2262 Bessus
673 2225 905 2262 circumferri
944 2239 1091 2264 merum
1128 2226 1270 2277 largius
1315 2229 1434 2274 iubet,

32 2292 298 2330 Alexandrum
318 2305 431 2342 super
450 2306 621 2331 mensam
640 2293 908 2331 debellaturus.
