1559 2463
48 53 151 78 PART
172 39 230 90 IL]
417 43 689 80 HISTORY
713 42 789 78 OF
814 43 1061 79 GREECE.
1400 54 1444 91 75

46 158 146 191 esset
165 154 234 191 sub
254 167 393 191 corona
410 154 633 192 venderent.
690 153 807 191 Cuius
822 157 902 190 tam
922 154 1026 191 saevi
1045 154 1192 192 consilii
1211 156 1276 193 ubi
1294 160 1447 206 postero

47 222 108 259 die
138 221 395 259 Athenienses
425 222 628 270 poenituit,
663 222 771 259 navis
804 221 923 259 altera
960 222 1077 259 missa
1109 227 1167 260 est
1204 237 1289 261 cum
1325 224 1447 262 literis

47 303 142 339 quae
162 290 338 327 iuberent
366 290 526 339 captivis
554 291 666 339 parci.
723 290 863 327 Nuntii
892 295 1032 337 autem,
1053 296 1097 328 ut
1124 291 1339 341 Mitylenen
1367 307 1448 342 per-

48 363 207 396 ventum
227 364 295 405 est,
314 359 389 396 iam
409 359 448 396 in
468 359 611 397 incolas
631 360 767 396 saeviri
788 365 964 408 coeptum
981 374 1060 398 esse
1081 362 1447 409 animadverterunt,

47 427 252 464 edixerunt
271 432 400 465 tamen
419 433 463 465 ut
482 429 529 465 ab
548 428 705 478 reliquis
725 428 991 466 abstineretur.

362 581 436 616 The
456 581 627 628 Spartan
647 581 829 617 Disaster
845 586 888 617 at
906 582 1132 630 Sphacterz'a.

102 670 375 710 155.—Sexto
403 670 494 708 belli
522 684 622 708 anno
650 670 931 709 Demosthenes
959 672 1220 719 Atheniensis,
1241 674 1333 711 dum
1352 674 1451 712 eirca

45 739 353 788 Peloponnesum
399 739 515 777 classe
561 739 726 786 vehitur,
766 740 894 777 subito
941 746 1071 778 coorta
1115 746 1354 790 tempestate,
1400 743 1449 780 ad

45 808 185 857 Pylum
212 808 252 844 in
272 808 463 845 Messenia
482 808 667 857 expositis
687 808 774 854 suis,
796 808 933 854 locum,
954 822 1069 858 quam
1089 809 1282 848 celerrime
1310 811 1449 860 potuit,

45 877 305 914 communivit.
365 876 476 923 Quod
513 877 580 914 ubi
617 876 795 926 Spartam
833 877 992 915 allatum
1030 883 1088 915 est
1124 892 1284 928 magnae
1321 880 1450 929 copiae

46 946 185 995 Pylum
217 946 365 991 missae,
400 945 518 983 classe
556 946 673 983 etiam
710 946 919 995 praemissa
963 952 1007 984 ut
1051 952 1185 996 portus
1222 954 1447 987 servaretur.

46 1014 127 1052 Ubi
155 1014 294 1063 Pylum
322 1019 381 1051 est
408 1018 647 1063 perventum,
668 1013 793 1051 insula
822 1014 1046 1063 Sphacteria
1074 1029 1170 1065 quae
1199 1021 1287 1054 ante
1311 1017 1449 1066 Pylum

46 1083 85 1120 in
123 1082 231 1120 aditu
267 1087 402 1131 portus
430 1082 504 1119 sita
536 1088 593 1119 est
622 1083 714 1119 satis
746 1083 855 1120 firmo
887 1083 1077 1132 praesidio
1110 1085 1292 1123 munitur.
1354 1085 1450 1123 inde

46 1151 244 1188 obsidione
272 1155 311 1188 et
338 1151 619 1188 munitionibus
647 1151 721 1188 teri
751 1156 914 1200 tempus,
937 1165 1023 1189 eum
1042 1153 1199 1190 minime
1220 1154 1452 1192 verebantur

46 1220 226 1268 Spartani
245 1233 292 1256 ne
313 1219 476 1257 obsessis
496 1220 774 1257 subveniretur.
833 1220 996 1258 Interim
1017 1234 1064 1258 ex
1093 1221 1301 1270 improviso
1322 1223 1450 1260 classis

46 1288 343 1326 Atheniensium
376 1301 492 1325 naves
526 1288 803 1337 Spartanorum
842 1289 987 1336 adorta,
1023 1290 1224 1327 victoriam
1262 1291 1450 1341 insignem

45 1357 266 1406 reportavit.
325 1356 424 1393 Tum
456 1356 570 1394 duces
608 1357 888 1405 Spartanorum
925 1357 1079 1395 foedere
1117 1359 1156 1394 in
1194 1372 1332 1408 paucos
1370 1360 1451 1397 dies

45 1426 132 1472 icto,
159 1426 284 1463 missis
312 1426 487 1463 Athenas
516 1425 651 1476 legatis
680 1432 887 1464 oraverunt
914 1439 1058 1475 pacem,
1092 1428 1207 1464 veriti
1240 1441 1287 1465 ne
1322 1429 1379 1465 sui
1411 1429 1451 1466 in

45 1494 169 1531 insula
214 1494 528 1532 interficerentur.
606 1481 728 1540 Quam
774 1508 859 1531 cum
896 1495 1154 1533 Athenienses
1191 1497 1265 1533 nisi
1310 1497 1452 1546 iniquis

46 1563 332 1601 condicionibus
365 1563 455 1600 dare
488 1563 647 1609 nollent,
677 1577 805 1601 rursus
838 1564 887 1601 ad
919 1578 1025 1601 arma
1057 1570 1318 1613 provocatum.
1378 1566 1451 1613 Qui

46 1632 86 1668 in
114 1632 238 1669 insula
266 1636 374 1669 erant
394 1645 479 1668 cum
499 1632 734 1680 aliquamdiu
752 1632 958 1670 fortissime
978 1634 1209 1671 restitissent
1236 1634 1388 1671 tandem
1413 1648 1451 1671 se

48 1700 288 1737 dediderunt.
339 1700 394 1737 Ea
414 1700 608 1737 deditione
629 1701 793 1738 multum
814 1701 938 1739 laudis
959 1701 1137 1750 Spartani
1159 1703 1377 1740 amiserunt.

303 1877 497 1912 Athenian
518 1877 693 1913 Reverses
711 1877 751 1912 in
771 1877 924 1913 Boeotia
944 1877 1026 1912 and
1045 1878 1193 1914 Thrace.

103 1967 342 2014 156.—Qua
367 1967 526 2005 victoria
555 1968 694 2005 sublati
722 1968 991 2013 Athenienses,
1022 1968 1265 2006 consiliorum
1294 1969 1451 2006 Periclis

48 2037 299 2082 immemores,
323 2037 388 2085 qui
410 2037 456 2073 iis
484 2041 528 2073 ut
550 2037 785 2073 maritimum
813 2037 1015 2085 imperium
1043 2037 1354 2086 adipiscerentur,
1377 2051 1451 2075 neu

48 2106 87 2142 in
117 2106 329 2143 continenti
363 2119 447 2143 cum
480 2106 706 2144 adversariis
739 2107 981 2144 decertarent
1008 2107 1236 2156 iampridem
1269 2113 1451 2154 suaserat,

48 2174 88 2210 in
108 2173 354 2211 Boeotiorum
374 2175 468 2211 fines
488 2188 572 2211 eum
592 2175 847 2212 incursionem
864 2176 1051 2221 fecissent,
1074 2176 1119 2212 ad
1142 2176 1297 2213 Delium
1312 2189 1451 2226 magno

50 2255 134 2279 (eum
163 2242 395 2279 detrimento
415 2242 505 2279 victi
535 2248 633 2280 sunt.
693 2243 743 2280 Et
763 2244 832 2280 sub
856 2244 955 2280 idem
986 2249 1136 2293 tempus
1165 2244 1343 2281 Brasidas
1372 2245 1451 2281 dux

51 2310 325 2360 Spartanorum
355 2323 439 2347 cum
468 2312 616 2361 magnis
645 2312 761 2360 copiis
791 2313 829 2349 in
858 2312 1058 2349 Thraciam
1088 2313 1334 2362 pervenisset,
1357 2313 1451 2350 adeo
