1559 2463
88 98 156 121 102
284 85 521 123 SECOND
549 86 738 122 LATJN
758 87 1036 124 READJNG
1063 87 1233 124 BOOK.
1280 85 1401 138 [PART
1422 100 1478 126 111.

80 210 228 234 summa
247 210 336 233 cura
355 201 478 233 armat
497 197 729 246 instruitque
749 201 968 247 quantoque
989 211 1074 235 cum
1092 198 1204 236 hoste
1219 199 1268 236 sit
1283 212 1341 237 res
1357 199 1476 237 docet.

79 264 283 314 Equitibus
312 264 493 313 equisque
521 268 745 314 tegumenta
772 269 882 302 erant
910 278 958 302 ex
985 265 1118 303 ferreis
1146 266 1297 304 laminis
1325 267 1365 304 in
1385 267 1480 304 serie

78 333 179 370 inter
198 346 236 370 se
257 333 438 370 connexis
455 349 461 371 :
491 334 575 382 quis
595 338 708 371 antea
735 337 887 383 praeter
913 333 1037 371 iacula
1064 334 1162 371 nihil
1182 334 1353 382 dederat,
1374 340 1481 373 scuta

77 401 271 450 gladiique
299 401 597 439 adiiciebantur:
627 415 887 451 equorumque
916 402 1097 440 domandi
1126 416 1259 453 greges
1286 403 1480 453 peditibus

80 470 277 507 distributi
297 475 397 517 sunt,
428 474 471 507 ut
490 471 611 508 maior
630 471 793 519 pristino
813 475 913 508 esset
931 471 1134 520 equitatus.
1191 472 1332 521 Ingens
1352 473 1478 518 etiam,

79 542 122 575 ut
137 538 362 585 crediderat,
378 539 547 576 hostium
568 544 699 585 terror,
719 539 904 577 ducentae
917 539 1077 577 falcatae
1093 540 1308 590 quadrigae,
1328 541 1480 578 unicum

78 606 230 644 illarum
257 608 430 655 gentium
458 607 656 653 auxilium,
686 612 836 645 secutae
873 612 971 645 sunt.
1047 608 1106 645 Ex
1144 622 1292 646 summo
1329 613 1481 646 temone

80 675 212 712 hastae
232 676 423 724 praefixae
443 675 554 722 ferro,
577 676 769 725 utrimque
799 689 821 713 a
848 676 937 726 iugo
966 676 1065 713 terni
1085 676 1214 726 gladii,
1236 677 1336 714 inter
1355 677 1482 714 radios

79 748 249 781 rotarum
278 744 388 793 plura
416 744 559 793 spicula
592 744 813 781 eminebant
848 745 889 781 in
926 745 1138 783 adversum.
1196 745 1307 783 Aliae
1343 745 1482 784 deinde

78 812 193 850 falces
214 813 435 850 summissae
464 817 634 849 rotarum
663 813 819 850 orbibus
846 813 1066 859 haerebant,
1089 818 1127 850 et
1155 814 1250 851 aliae
1278 815 1318 851 in
1341 818 1482 852 terram

79 881 276 928 demissae,
299 881 479 931 quicquid
500 881 655 919 obvium
676 882 874 918 concitatis
895 882 1000 931 equis
1020 881 1166 928 fuisset,
1188 887 1463 932 amputaturae.

568 1020 715 1066 Eclspse
734 1019 780 1066 of
790 1019 849 1055 tlte
867 1020 993 1055 Maon.

132 1104 471 1143 210.—-Ceterum
486 1103 710 1141 Alexander
725 1103 979 1152 periculorum
993 1107 1031 1140 et
1043 1103 1209 1141 maxime
1224 1103 1483 1140 multitudinis

80 1178 321 1221 contemptor
341 1172 389 1209 ad
410 1172 631 1221 Euphraten
654 1173 852 1221 pervenit:
882 1185 956 1221 quo
978 1172 1159 1220 pontibus
1186 1172 1316 1210 iuncto
1337 1173 1483 1222 equites

80 1241 223 1290 primos
250 1241 315 1287 ire,
347 1240 577 1289 phalangem
606 1240 712 1289 sequi
744 1240 862 1287 iubet,
893 1240 1051 1277 Mazaeo
1084 1240 1277 1290 praefecto
1310 1241 1482 1290 equitum

80 1310 271 1359 regiorum
291 1322 368 1347 non
388 1322 479 1346 auso
508 1308 696 1357 proelium
717 1309 966 1346 committere.
1024 1309 1159 1346 Paucis
1180 1309 1318 1346 deinde
1337 1323 1414 1346 non
1435 1309 1483 1346 ad

80 1378 259 1427 quietem,
282 1377 347 1414 sed
376 1377 425 1414 ad
453 1376 685 1426 reparandos
713 1376 870 1422 animos,
902 1376 1035 1413 diebus
1064 1376 1165 1414 datis
1184 1377 1309 1423 militi,
1331 1381 1483 1414 strenue

80 1447 229 1484 hostem
249 1446 397 1495 insequi
418 1446 552 1495 coepit,
575 1446 719 1483 veritus
739 1458 786 1482 ne
802 1445 985 1482 interiora
1000 1445 1106 1494 regni
1120 1446 1177 1482 sui
1192 1449 1348 1494 peteret.
1408 1444 1484 1482 Sed

81 1528 127 1552 ex
156 1515 292 1552 itinere
331 1515 530 1552 deficiente
568 1514 658 1551 luna
686 1527 805 1563 pavor
842 1514 1029 1551 militibus
1065 1514 1237 1552 incussus
1275 1519 1340 1552 est.
1399 1513 1484 1551 Diis

80 1584 212 1621 invitis
240 1584 279 1620 in
309 1583 463 1620 ultimas
493 1588 613 1620 terras
642 1583 743 1620 trahi
772 1596 810 1619 se
840 1583 1108 1632 querebantur.
1167 1583 1230 1620 An
1258 1583 1298 1620 id
1322 1596 1484 1633 aequum

80 1665 160 1689 esse
189 1657 232 1689 ut
260 1657 416 1701 propter
443 1665 561 1688 unum
590 1651 785 1688 hominem
813 1656 922 1688 tanta
950 1651 1169 1688 discrimina
1197 1651 1372 1688 adirent?
1428 1651 1484 1688 Eo

80 1725 260 1770 portento
280 1721 376 1757 iram
397 1720 555 1757 deorum
575 1720 779 1769 significari
796 1735 802 1757 ε
831 1720 992 1769 proinde
1012 1720 1169 1758 domum
1189 1723 1482 1765 reverterentur,

80 1789 111 1826 si
132 1789 216 1838 quis
237 1788 363 1826 salvus
384 1801 464 1825 esse
483 1788 609 1825 vellet.
658 1788 741 1825 Iam
757 1801 875 1837 prope
891 1787 1119 1825 seditionem
1132 1800 1191 1825 res
1207 1792 1299 1833 erat,
1317 1800 1401 1825 cum
1416 1800 1484 1824 rex

80 1862 188 1895 vates
224 1857 465 1895 voluntatem
512 1856 671 1894 deorum
709 1869 932 1905 expromere
969 1856 1083 1893 iubet.
1142 1856 1176 1892 Ii
1213 1856 1331 1905 igitur
1367 1855 1484 1893 solem

82 1927 315 1965 Graecorum
335 1926 466 1963 lunam
486 1939 565 1964 esse
586 1926 789 1963 Persarum
808 1925 957 1971 docent,
976 1926 1227 1974 quotiensque
1236 1923 1305 1962 'illa
1320 1924 1481 1970 deficiat,

82 1996 231 2033 ruinam
268 1996 343 2033 illis
389 1995 568 2045 gentibus
604 1994 792 2044 portendi.
865 1994 1011 2041 Quibus
1048 1994 1190 2031 auditis
1227 1993 1321 2032 adeo
1367 1993 1484 2031 animi

82 2064 249 2101 militum
269 2065 542 2102 confirmantur
562 2068 605 2101 ut
624 2077 662 2101 se
684 2076 810 2113 regem
830 2063 936 2112 sequi
956 2063 1053 2100 velle
1072 2063 1353 2112 profiterentur.

429 2193 649 2241 Ineffectual
663 2193 1003 2242 Negatiatzbnssor
1019 2193 1141 2229 Peace.

136 2277 428 2316 2ll.—Darius
457 2282 599 2323 tamen,
628 2277 770 2314 frustra
797 2289 888 2325 pace
917 2277 975 2314 bis
1002 2277 1135 2325 petita,
1158 2280 1327 2313 oratores
1345 2276 1484 2313 iterum

83 2347 131 2385 de
168 2359 258 2396 pace
292 2346 408 2391 misit,
438 2346 503 2394 qui
535 2350 684 2394 partem
716 2345 824 2395 regni
849 2344 1073 2382 Alexandro
1102 2344 1294 2390 offerrent,
1319 2343 1483 2380 multum
