1559 2463
54 57 156 82 PART
177 43 219 94 1.]
469 45 688 81 HISTOR
703 45 737 79 Y
761 45 837 81 OF
858 44 1038 82 ROME.
1408 54 1453 91 35

52 156 280 194 seditionem
313 155 587 204 comprimeret.
647 155 685 191 Is
719 168 803 192 cum
836 154 1073 203 aliquamdiu
1107 154 1321 192 dubitasset
1352 153 1459 202 quid-

53 238 142 261 nam
186 223 405 261 faciendum
451 228 559 269 esset,
604 223 761 260 armatis
807 223 965 260 tandem
1014 222 1161 259 civibus
1208 222 1459 259 Saturninum

54 291 306 330 obtruncavit.
377 292 513 341 Neque
542 305 590 328 ex
618 304 661 328 eo
690 296 862 340 tempore
891 291 1093 340 quisquam
1122 290 1247 328 Mario
1277 290 1459 327 adhibere

53 361 167 398 fidem
204 360 337 405 voluit,
378 373 462 397 cum
501 364 693 397 constaret
730 372 817 396 eum
854 364 1035 408 utrasque
1072 363 1200 408 partes
1237 359 1383 405 fallere,
1422 364 1460 396 et

53 429 207 467 nonnisi
227 443 293 467 suo
313 429 432 478 ipsius
453 428 652 466 commodo
673 428 837 465 studere.

501 556 660 591 Μανίας
679 555 815 591 Livius
834 556 999 590 Drusus.

95 638 391 678 74.—Interim
408 651 571 676 crescere
585 638 774 675 tumultus
788 642 826 675 et
840 638 1066 683 simultates,
1086 638 1336 687 querentibus
1353 638 1461 675 Italis

54 707 125 745 sibi
158 707 315 744 iniurias
344 720 365 744 a
392 707 576 743 Romanis
606 706 747 744 inferri.
807 706 857 743 Et
877 706 964 744 odio
993 706 1132 744 infensi
1162 706 1300 752 Latini,
1324 707 1462 755 quibus

55 775 324 813 denuntiatum
353 781 434 813 erat
464 780 508 812 ut
537 788 585 812 ex
614 775 706 812 urbe
736 774 930 824 extemplo
960 775 1201 820 excederent,
1232 775 1460 812 seditionem

55 845 236 882 adversus
294 844 488 881 Romanos
543 843 747 881 iniverunt.
838 843 1007 892 Ecquem
1062 844 1250 882 eiusmodi
1304 844 1462 881 iniurias

56 913 320 958 toleraturum,
359 926 443 949 cum
481 912 546 961 qui
583 926 732 962 semper
768 912 808 949 in
842 913 962 949 officio
1000 913 1244 958 mansissent,
1275 913 1321 950 iis
1356 926 1461 962 spem

54 981 221 1018 civitatis
249 980 405 1018 omnino
434 981 661 1029 abreptam?
718 980 778 1017 Ne
798 980 837 1017 id
858 980 1015 1029 quidem
1044 981 1117 1018 sibi
1145 980 1302 1018 concedi
1322 986 1366 1018 ut
1393 994 1461 1029 pro

56 1049 174 1086 servis
193 1049 317 1086 habiti
337 1049 376 1086 in
396 1049 489 1086 urbe
510 1049 827 1099 relinquerentur.
889 1048 972 1095 Qua
992 1062 1039 1086 ex
1059 1049 1247 1087 seditione
1267 1063 1315 1087 ne
1336 1049 1461 1087 clades

57 1117 220 1154 oriretur
239 1117 290 1155 M.
315 1117 448 1154 Livius
468 1117 617 1154 Drusus
637 1117 816 1154 tribunus
844 1117 967 1166 plebis
987 1117 1110 1167 legem
1138 1118 1229 1155 tulit
1257 1123 1300 1155 ut
1329 1118 1462 1155 civitas

58 1186 166 1224 Italis
186 1186 363 1223 omnibus
383 1186 548 1224 daretur.
608 1186 683 1224 Sed
703 1186 810 1224 iratis
830 1187 1003 1236 patribus
1024 1192 1062 1224 et
1081 1187 1203 1236 plebe,
1225 1201 1268 1224 eo
1297 1187 1358 1225 die
1388 1201 1463 1237 quo

56 1254 179 1305 legem
199 1254 324 1304 rogari
344 1255 557 1304 oportebat,
579 1255 769 1292 tumultus
789 1260 945 1293 exortus
967 1260 1034 1293 est.
1093 1255 1242 1293 Drusus
1261 1256 1426 1306 pugione
1443 1270 1464 1293 a

58 1323 191 1362 sicario
211 1324 407 1362 confossus
427 1324 550 1373 periit.

584 1475 660 1510 lee
678 1474 803 1511 Social
831 1474 933 1510 War.

111 1565 352 1612 75.—Quod
373 1565 492 1603 scelus
512 1565 576 1603 ubi
596 1566 822 1615 percrebuit,
847 1578 933 1603 cum
952 1571 1154 1615 appareret
1172 1566 1269 1603 nihil
1293 1579 1462 1616 unquam

60 1646 82 1670 a
118 1633 301 1670 Romanis
338 1634 535 1683 impetrari
572 1647 693 1683 posse,
734 1634 823 1671 Itali
860 1634 1004 1672 bellum
1042 1634 1188 1671 civibus
1226 1635 1459 1673 indixerunt.

60 1701 168 1739 Inter
187 1702 305 1739 Italos
328 1702 530 1751 praecipue
561 1702 754 1740 eminebat
785 1702 1019 1740 Samnitium
1047 1703 1180 1741 virtus.
1240 1703 1319 1740 Diu
1347 1709 1463 1753 atque

58 1770 237 1807 atrociter
261 1776 475 1820 pugnatum
506 1776 563 1808 est
580 1786 589 1817 3
631 1771 789 1808 tandem
822 1771 915 1808 victi
949 1771 1040 1809 socii
1073 1785 1095 1808 a
1127 1771 1246 1809 Lucio
1284 1771 1464 1810 Cornelio

59 1838 176 1884 Sulla,
211 1838 276 1887 qui
309 1843 431 1876 artem
462 1838 552 1876 belli
581 1838 768 1876 didicerat
797 1839 837 1876 in
869 1839 1003 1877 Africa
1036 1853 1121 1876 cum
1154 1839 1301 1877 Marius
1334 1846 1465 1878 contra

60 1907 286 1957 Iugurtham
323 1906 529 1944 dimicaret.
605 1907 715 1945 Italis
760 1912 902 1954 tamen,
942 1908 1112 1957 exceptis
1151 1908 1390 1947 Samnitibus
1427 1915 1465 1947 et

61 1975 235 2021 Lucanis,
283 1988 368 2012 cum
414 1975 453 2011 in
508 1975 746 2013 deditionem
800 1976 1007 2022 venissent,
1057 1975 1193 2013 civitas
1248 1976 1341 2014 data
1395 1983 1463 2015 est.

62 2043 285 2092 Apparebat
317 2043 429 2089 enim,
464 2043 539 2081 nisi
571 2057 752 2081 numerus
786 2044 927 2081 civium
960 2049 1094 2082 auctus
1127 2048 1237 2090 esset,
1272 2044 1466 2083 Romanos

62 2110 231 2148 deletum
250 2110 306 2157 iri,
329 2124 453 2160 neque
472 2111 584 2149 aliter
603 2112 829 2150 concordem
849 2112 930 2149 fore
959 2112 1123 2158 Italiam,
1146 2112 1219 2149 nisi
1248 2113 1337 2150 novi
1366 2113 1467 2151 cives

62 2179 255 2217 veteribus
284 2180 430 2217 civibus
457 2193 567 2230 pares
587 2181 689 2228 facti,
712 2194 829 2218 onera
855 2181 1085 2230 reipublicae
1114 2181 1303 2230 suscipere
1323 2182 1468 2220 vellent

64 2261 107 2285 ea
134 2248 352 2286 conditione
384 2253 428 2285 ut
460 2249 747 2286 commodorum
775 2254 923 2299 partem
956 2250 1178 2299 acciperent.
1237 2250 1335 2288 Cum
1365 2252 1468 2289 enim

62 2316 103 2353 in
140 2316 220 2354 dies
257 2322 467 2354 crescerent
503 2317 765 2355 Romanorum
802 2319 897 2356 fines
936 2322 1071 2368 totque
1108 2318 1237 2356 hostes
1274 2319 1313 2356 in
1347 2321 1468 2358 officio
